3246 5250
766 380 988 444 ..74-

290 539 364 600 alius
392 547 480 618 atque
509 544 539 601 in
568 541 661 602 altero
686 542 888 622 Thrasybulus
916 543 1133 623 intellegendus
1159 547 1210 626 sit,
1238 553 1320 608 certe
1344 564 1405 606 nou
1428 544 1466 604 ah

163 657 174 677 .
290 639 394 699 eodem
418 647 540 699 anctore
565 640 621 700 hoc
645 648 733 719 atque
757 641 830 701 illud
853 660 948 720 genus
972 643 1174 722 conscriptum
1194 661 1260 704 esse
1280 645 1466 724 apparuerit3

289 736 346 796 hoc
370 755 442 797 uero
467 739 523 797 iam
548 755 635 797 nemo
659 740 729 818 erit,
754 741 825 816 quin
849 738 1001 800 concedat.

378 828 408 915 c)
438 833 495 893 Sed
524 834 643 894 tandem
670 834 827 913 aliquando
856 840 1010 898 ueniamus
1037 839 1072 898 ad
1103 839 1194 899 uerba
1222 858 1256 899 ea
1280 855 1356 916 quae
1380 847 1464 899 sunt:

289 929 417 1011 μᾶλλον
441 924 478 992 δὲ
501 923 544 992 ἄν
563 951 613 1004 τις
636 923 858 1011 ὑπονοήσειεν
877 930 991 1013 ἕτερον
1011 929 1199 998 Διονύσιον
1220 930 1465 1015 Θρασυβούλου

288 1029 349 1091 τοῦ
373 1024 568 1103 Κολίυνέως
596 1021 744 1110 ἀδελφὸν
769 1021 834 1112 (ἢ)
864 1029 934 1113 (hoc
963 1035 1028 1094 iure
1057 1035 1184 1095 inseruit
1210 1033 1466 1113 llemsterhusins,

289 1147 377 1207 quem
407 1130 499 1188 ceteri
527 1122 710 1209 sequuntur)
739 1128 872 1208 typicare
900 1131 1095 1209 συγγενείας
1124 1123 1220 1192 εἶναι.
1267 1130 1348 1190 Hauc
1372 1130 1465 1208 expli·

288 1228 434 1285 nationem
459 1225 574 1304 Didymi
599 1245 664 1286 esse
688 1245 724 1286 ex
749 1227 976 1306 insequentibus
999 1230 1125 1290 euidens
1144 1239 1197 1290 est.
1236 1228 1293 1288 Sed
1316 1226 1465 1306 quomodo

288 1326 352 1383 lieri
367 1325 500 1403 potuisse
516 1323 602 1384 nohis
617 1327 871 1407 persuadebimus,
891 1335 932 1407 ut,
951 1337 1108 1407 postquam
1124 1327 1160 1389 ah
1175 1326 1328 1406 Apollonio
1348 1326 1464 1402 pridem

288 1440 321 1481 ea
345 1440 419 1500 quae
445 1423 532 1480 arnico
552 1429 638 1500 recta
662 1430 708 1483 est
731 1423 887 1502 explicatio
911 1424 947 1484 de
973 1425 1110 1504 llionysio
1134 1433 1260 1504 tyranno
1284 1431 1314 1482 et
1337 1422 1463 1502 Thrasy·

288 1519 356 1579 bulo
381 1520 493 1597 patriae
517 1517 675 1579 liberatore
701 1514 792 1603 (haud
817 1525 921 1599 ignoro
945 1522 1030 1582 aliter
1054 1523 1233 1583 indicauisse
1256 1519 1464 1600 Fritzschium,

288 1624 399 1695 quaest.
432 1615 580 1694 Aristoph.
612 1635 640 1694 p.
672 1613 752 1698 236)
783 1621 904 1679 iuuenta
938 1638 971 1679 ac
1004 1620 1112 1680 litteris
1145 1618 1280 1679 mandata
1319 1625 1377 1696 est,
1415 1617 1464 1677 Di·

287 1713 406 1792 dymrn,
439 1715 486 1771 uir
519 1711 649 1790 alioquin
683 1716 904 1794 sagacissimus,
942 1718 1091 1778 recideret
1123 1719 1153 1776 in
1187 1717 1464 1794 interpretationem

288 1823 347 1872 tam
371 1812 510 1872 absonam
535 1812 659 1888 uerique
683 1811 856 1872 dissimilem
880 1821 909 1874 et
929 1833 1017 1893 qnam
1038 1814 1126 1876 nullis
1146 1814 1323 1875 testimoniis
1344 1814 1463 1873 firmare

287 1907 410 1988 posset?

377 2006 434 2066 Sed
455 2007 525 2085 quid
545 2005 619 2066 dixit
652 2007 878 2085 Apolloniumue
898 2010 976 2070 illam
999 2010 1224 2090 explicationem
1248 2007 1465 2088 proposuisse?

201 2183 205 2190 ,
288 2104 369 2164 Vnde
398 2104 455 2164 hoc
484 2101 600 2164 scitur?
641 2104 761 2165 blinime
791 2107 910 2184 quidem
935 2127 970 2167 ex
995 2109 1149 2170 codicibus
1170 2107 1228 2166 hoc
1251 2115 1382 2186 constat,
1410 2106 1463 2166 sed

287 2222 303 2262 e
333 2204 503 2262 coniectura
536 2203 606 2263 satis
638 2211 719 2262 certa
754 2203 835 2263 hunc
863 2207 892 2265 in
921 2206 1041 2267 modum
1075 2204 1291 2273 emendandum
1323 2210 1377 2263 est.
1429 2202 1462 2262 ln

287 2298 439 2363 codicibus
462 2306 561 2360 autem
586 2301 628 2359 sic
652 2299 776 2377 legitur:
804 2297 932 2379 μᾶλλον
956 2297 993 2363 dl
1017 2295 1060 2363 dv
1083 2322 1133 2374 τις
1154 2291 1376 2379 ὑπονοήσειεν
1401 2347 1407 2359 .
1428 2345 1463 2360 ..

287 2395 480 2476 συγγενείας
503 2386 599 2458 εἶναι.
644 2390 699 2457 καί
724 2392 761 2458 ἐν
783 2394 823 2478 τῇ
844 2388 962 2460 Ἰλιάδι
986 2393 1192 2480 σαφέστερον
1217 2388 1310 2458 οἶδεν
1332 2385 1353 2475 ἦ
1379 2389 1463 2456 κατὰ

287 2492 455 2573 Δίδυμον,
478 2512 554 2572 qliae
578 2493 821 2554 Hemsterhusius
845 2497 888 2554 sic
912 2499 1062 2576 corrigere
1089 2495 1197 2557 uoluit:
1219 2488 1274 2555 καὶ
1297 2489 1335 2554 ἐν
1353 2493 1463 2571 Γηρυ-

287 2583 369 2672 τάδῃ
390 2586 596 2671 σαφέστερον
616 2581 718 2652 οἶδεν.
748 2581 795 2652 Ἢ
809 2582 891 2653 κατὰ
911 2591 1079 2674 Αίδνμον·
1105 2586 1152 2666 ὡς
1170 2595 1266 2664 εἴτις
1283 2585 1374 2670 λέγοι
1394 2591 1462 2651 κτλ.

287 2688 345 2748 Sed
374 2691 402 2749 ei
430 2695 512 2748 recte
540 2688 612 2748 mihi
641 2692 815 2767 opposuisse
847 2690 967 2750 uidetur
993 2692 1027 2752 0.
1057 2690 1233 2764 Schneider,
1266 2687 1284 2748 l.
1313 2707 1337 2748 c.
1366 2706 1394 2765 p.
1421 2683 1465 2747 14

287 2786 356 2846 hiric
380 2786 578 2849 emendationi
602 2786 721 2846 obstare
745 2794 930 2847 constantem
955 2788 1180 2848 scholiastarum
1199 2785 1339 2864 loquendi
1364 2803 1462 2870 usum,

287 2884 450 2945 secundum
475 2902 578 2964 quem,
607 2884 658 2944 ubi
683 2903 793 2946 nouum
818 2884 963 2946 scholium
987 2887 1122 2965 incipiat,
1146 2901 1294 2962 nusquam
1317 2881 1463 2962 particula

286 2973 324 3060 ἥ,
356 2981 408 3041 sed
443 2998 561 3059 semper
593 2973 699 3053 ἄλλως
729 2981 778 3041 uel
807 2977 844 3042 δέ
870 2991 1012 3061 usurpata
1040 2984 1108 3043 sint.
1159 2982 1241 3052 Quae
1269 2988 1368 3041 autem
1396 2981 1463 3057 ipse

286 3080 409 3158 legenda
433 3081 589 3158 proposuit
609 3078 823 3139 Schneiderus:
846 3073 902 3139 eol
925 3075 962 3140 ἐν
986 3073 1165 3160 Γηρυτάδῃ
1189 3072 1252 3158 (οοί
1275 3073 1312 3139 ἐν
1336 3068 1463 3156 Δηλιά-

287 3192 357 3256 οιν,
386 3196 460 3256 quae
490 3176 602 3237 Cratini
630 3178 686 3238 luit
715 3173 828 3260 fabula)
858 3171 1063 3257 σαφέστερον
1086 3165 1108 3256 ἢ
1130 3168 1274 3236 'ceadda
1299 3170 1465 3252 Δίδυμος,

287 3283 320 3335 ut
343 3275 402 3334 iam
426 3289 442 3332 a
462 3272 622 3354 Dindorfio‚
646 3276 697 3353 qui
720 3285 818 3336 tamen
843 3275 979 3336 codicum
1003 3273 1160 3336 lectionem
1182 3272 1388 3352 imprudenter
1411 3270 1464 3330 de-

286 3370 393 3450 fendit,
422 3370 599 3449 improbata,
631 3373 671 3431 ita
699 3391 714 3432 a
739 3372 881 3433 Mauricio
910 3371 1074 3432 Schmidtio
1102 3371 1272 3432 felicissima
1301 3369 1463 3432 substituta

286 3470 457 3530 coniectura
480 3486 606 3547 prorsus
629 3470 739 3530 reiecta
764 3479 841 3531 sunt.
880 3468 909 3529 ls
933 3472 1011 3530 enim
1035 3472 1066 3529 in
1090 3468 1219 3530 editione
1243 3485 1296 3527 sna
1315 3468 1464 3545 fragmen·

286 3574 385 3628 torum
404 3565 613 3646 Didymeorum
632 3585 659 3646 p.
679 3564 745 3628 290
755 3585 799 3646 sq.
822 3566 935 3628 collatis
961 3569 1013 3648 eis,
1037 3585 1113 3646 quae
1137 3566 1274 3644 exposuit
1295 3564 1464 3626 bleihelxius

285 3668 315 3726 in
345 3664 475 3725 Analect.
504 3663 644 3723 Alexand.
672 3684 699 3743 p.
725 3663 789 3727 184
817 3668 861 3725 sic
889 3663 1079 3726 scribendum
1108 3680 1174 3722 esse
1204 3668 1301 3736 recte,
1329 3669 1362 3720 ut
1389 3660 1465 3722 mihi

288 3761 416 3839 uidetur,
439 3762 608 3840 proposuit:
632 3755 687 3822 καὶ
708 3753 930 3833 Ἀπολλώνιος
953 3754 1160 3839 σαφέστερον
1189 3749 1282 3819 οἶδεν
1307 3746 1362 3837 [ἢ]
1379 3755 1465 3818 κατά

287 3853 352 3942 (γε)
372 3854 528 3937 Δίδυμου
552 3877 646 3937 eaque
670 3861 713 3919 sic
737 3859 878 3938 explicat:
902 3857 1050 3936 Apollonii
1069 3856 1158 3919 huius
1176 3856 1235 3918 loci
1254 3856 1464 3934 interpretatio

287 3957 455 4018 euidentior
488 3963 533 4016 est
566 3974 654 4035 quiam
684 3957 799 4036 Didymi
834 3955 990 4035 explicatio
1019 3947 1239 4036 (Apollonius
1269 3951 1464 4014 Verstaindnis

287 4055 340 4115 der
364 4053 454 4114 Stelle
477 4056 516 4116 ist
540 4053 782 4116 einleuchtender
806 4056 846 4114 int
871 4052 1038 4114 Verhtltnis
1062 4071 1098 4112 zu
1123 4043 1303 4130 Didymos').

377 4151 435 4212 Sed
459 4161 493 4212 ut
515 4151 618 4213 redeat
641 4153 735 4212 oratio
759 4152 838 4212 unde
862 4144 994 4228 digressa
1018 4159 1073 4230 est,
1098 4149 1246 4229 quomodo
1264 4147 1406 4226 Didymus
1429 4149 1463 4210 in

287 4248 512 4328 explicationem
537 4257 594 4308 tam
619 4246 759 4309 absonam
782 4248 895 4328 incidit,
919 4265 1008 4326 quam
1032 4248 1096 4326 ipse
1120 4245 1300 4306 scholiorum
1320 4245 1464 4306 collector

288 4345 480 4425 Symmachus
504 4346 684 4407 reiciendum
707 4364 773 4406 esse
796 4341 1004 4424 intellegeret?
1050 4344 1126 4426 lloc,
1148 4344 1222 4404 mihi
1245 4341 1346 4404 credel
1376 4361 1462 4404 num·

288 4461 376 4524 quarn
399 4442 628 4523 inuestigabitur
647 4446 706 4506 uisi
724 4444 833 4506 auxilio
853 4443 1078 4506 adhibuerimus
1097 4461 1131 4504 ea
1150 4461 1225 4522 quae
1244 4459 1334 4521 supra
1354 4448 1462 4502 tracta-
