3246 5250
637 402 857 466 ...79-

156 571 272 630 sionem
298 567 467 645 siguificare
490 565 623 626 uoluisse
647 571 830 643 putaremus.
876 562 1021 634 Quoniam
1044 572 1142 626 autem
1167 562 1253 623 aliter
1276 561 1334 621 dis-

156 667 275 748 putauit
294 663 454 725 scholiasta
478 681 576 742 neque
595 663 661 722 lieri
683 669 792 741 potest,
816 669 848 720 ut
867 664 932 721 eius
956 659 1048 721 uerba
1068 663 1104 740 ei,
1128 678 1215 738 quam
1235 661 1334 720 inesse

157 763 296 842 uelimus,
318 763 484 822 sententiae
510 759 767 820 accommodemus
792 765 822 816 et
845 760 1038 838 corrigamus,
1058 757 1132 818 nihil
1156 757 1335 835 relinquitur

157 863 215 922 nisi
243 870 276 920 ut
303 877 359 938 per
387 876 552 937 pronomen
580 855 703 918 τοῦτον
726 874 785 916 non
810 854 1007 935 Chremylum,
1031 855 1082 916 sed
1107 854 1334 932 Aristophanem

157 969 256 1038 ipsum
278 957 406 1017 indicari
430 963 602 1016 statuamus.
649 952 732 1024 Quod
758 955 783 1012 si
806 953 847 1032 fit,
879 954 909 1012 in
933 953 1012 1014 hunc
1037 954 1099 1013 lere
1123 952 1243 1012 modum
1267 969 1334 1030 pro·

157 1054 244 1116 cedet
263 1057 366 1115 oratio.
409 1053 599 1132 Aristophani
618 1071 672 1132 per
690 1048 812 1112 τοῦτον
832 1051 996 1127 significato
1019 1069 1073 1130 per
1097 1069 1129 1109 se
1152 1048 1334 1128 intellegitur

157 1171 217 1214 uon
241 1152 371 1213 eundern
395 1151 624 1230 Aristophanem
647 1150 758 1228 opponi
785 1165 874 1226 posse
902 1167 957 1226 per
979 1147 1086 1208 uerba:
1115 1145 1273 1226 πεποίηκε
1297 1138 1335 1205 δὲ

156 1243 213 1310 καὶ
232 1245 270 1310 ἐν
291 1240 603 1328 Ἐκκλησιαζούσαις
621 1237 715 1320 αὐτό,
739 1245 791 1306 sed
815 1244 905 1306 alium
924 1256 1042 1325 poetam
1060 1244 1250 1306 obiciendum
1268 1260 1334 1303 esse

157 1359 307 1426 tamquam
328 1345 418 1407 huius
437 1349 482 1407 rei
500 1350 699 1408 inuentorem.
741 1343 868 1403 linthium
889 1353 988 1404 autern
1009 1352 1141 1418 nonest,
1165 1345 1236 1421 quin
1257 1359 1335 1420 eum,

157 1447 260 1524 quiin
279 1463 314 1504 ea
333 1463 366 1504 re
386 1462 454 1505 cum
472 1444 671 1522 Aristophane
691 1440 727 1502 de
747 1442 916 1519 principatu
935 1440 1104 1521 contendat,
1122 1440 1336 1501 Eratosthenes

156 1541 328 1621 Philyllium
352 1543 555 1604 nominauerit
578 1549 606 1600 et
632 1542 672 1600 ita
692 1539 899 1617 uominauerit,
923 1547 1034 1599 utnon
1054 1539 1150 1600 solum
1172 1556 1240 1598 eum
1259 1537 1335 1596 hanc

155 1657 220 1700 rem
250 1641 380 1717 primum
407 1639 575 1700 instituisse
604 1638 731 1712 diceret,
760 1636 811 1696 sed
840 1638 928 1696 etiarn
958 1655 1017 1715 quo
1046 1646 1167 1697 auctore
1193 1639 1276 1696 nisus
1299 1633 1335 1692 ad

155 1755 221 1798 eam
250 1739 421 1816 opinionem
449 1737 654 1815 peruenisset,
684 1751 753 1793 cunr
776 1732 940 1794 lectoribus
963 1737 1204 1795 communicaret.
1250 1730 1335 1802 Quod

156 1841 258 1894 autem
273 1831 488 1914 Eratosthenes
507 1835 597 1893 etiam
612 1830 711 1891 locum
726 1848 762 1890 ex
776 1829 989 1892 Ecclesiazusis
1005 1831 1131 1892 similem
1146 1830 1278 1892 laudauit
1294 1860 1333 1870 -

154 1933 180 1991 si
209 1929 297 1990 modo
320 1928 528 1990 Eratosthenis
557 1947 624 1990 esse
652 1929 725 1989 haee
754 1927 845 1988 uerba
878 1929 1053 2007 interposita
1076 1937 1216 2008 putamus
1238 1945 1336 2006 neque

154 2029 256 2107 potius
280 2044 297 2085 a
320 2025 443 2086 librario
465 2030 634 2106 posteriore
654 2027 778 2107 adiecta,
802 2028 851 2084 cui
872 2025 948 2084 torte
972 2025 1090 2087 illorum
1109 2026 1337 2088 Ecclesiazuson

152 2125 288 2186 locorum
317 2126 348 2184 in
375 2133 508 2186 mentem
537 2127 673 2185 uenisset
699 2145 753 2184 -:
783 2141 844 2182 nou
867 2131 1026 2200 propterea
1049 2124 1104 2186 hoc
1128 2119 1216 2204 iecit,¹
1233 2132 1267 2185 ut
1290 2121 1338 2183 uel

151 2241 186 2282 eo
210 2220 296 2283 allato
320 2219 526 2300 Lycophronis
549 2225 730 2282 sententiam
751 2213 956 2299 debilitaret¹)
980 2214 1075 2302 (quod
1100 2225 1181 2283 enim
1205 2225 1230 2283 si
1252 2230 1338 2301 puta-

151 2337 230 2398 mus,
258 2319 356 2378 statim
385 2337 421 2378 eo
450 2319 602 2398 redimus,
633 2327 666 2378 ut
693 2336 749 2395 per
777 2313 901 2378 τοῦτον
925 2316 1100 2398 Ghremylus
1130 2313 1340 2400 significetur),

147 2416 200 2477 sed
225 2425 257 2476 ut
276 2414 499 2494 Lycophronem
520 2421 615 2478 etiam
638 2415 715 2475 alios
734 2415 830 2496 locos,
852 2413 1126 2479 Ecclesiazusarum
1146 2437 1254 2481 uersus
1273 2414 1339 2478 978

148 2524 179 2576 et
205 2509 287 2574 1150
305 2513 340 2573 ad
364 2515 545 2576 sententiam
572 2532 659 2574 suam
685 2514 870 2574 fulciendam
895 2513 1035 2576 adhihere
1061 2519 1195 2595 potuisse
1220 2517 1339 2578 demon·

148 2620 263 2674 straret
308 2609 502 2690 videmusne,
532 2621 570 2674 ut
600 2621 704 2672 nostra
737 2629 860 2692 quoque
885 2616 1025 2674 memoria
1048 2615 1129 2676 idem
1151 2619 1340 2695 maximeque

146 2731 163 2774 a
192 2713 369 2791 scriptorum
397 2709 623 2788 interpretibus
652 2705 724 2771 fiat?
765 2709 859 2772 Cuius
887 2730 975 2793 usus,
1008 2715 1067 2774 nisi
1099 2714 1222 2793 longum
1251 2723 1340 2798 esset,

147 2812 279 2891 exempla
307 2808 397 2869 multa
425 2809 533 2869 alierre
564 2807 648 2870 haud
677 2806 805 2870 difficile
834 2819 922 2870 esset.
972 2809 1078 2872 Totius
1110 2813 1201 2890 igitur
1234 2812 1339 2873 scholii

148 2911 323 2972 septemium
342 2906 418 2967 hanc
437 2905 501 2965 lere
521 2923 595 2968 esse
616 2905 807 2967 censendum
826 2916 886 2968 est:
906 2903 1093 2989 ‘Lycophron
1112 2910 1192 2972 hunc
1211 2920 1339 2992 poetam,

148 3011 167 3068 i.
191 3027 216 3068 e.
238 3004 464 3084 Aristophanem
487 3007 630 3080 primum
653 3003 809 3068 homiuem
833 3007 913 3067 laces
944 3006 1141 3085 postulantem
1164 3010 1195 3068 in
1219 3026 1337 3070 scenam

149 3106 325 3187 produxisse
340 3099 560 3179 arbitrabatur3
575 3104 675 3179 potuit
690 3100 831 3165 conferre
846 3107 935 3165 etiam
950 3103 1218 3165 Ecclesiazusarum
1231 3124 1338 3166 uersus

150 3201 217 3266 978
240 3210 271 3264 et
296 3197 391 3264 1150.
437 3195 500 3257 Sed
529 3207 632 3258 tamen
661 3189 779 3281 (trad)
811 3201 882 3262 ialsa
910 3210 957 3262 est
983 3204 1048 3261 eius
1076 3205 1237 3282 sententia,
1270 3221 1336 3263 nam

228 3369 255 3430 1)
272 3363 335 3418 Hoc
355 3362 430 3416 enim
445 3359 470 3412 si
484 3359 635 3431 noluisset,
653 3362 729 3415 certe
745 3362 833 3416 multo
848 3362 948 3416 melius
962 3361 1153 3432 Lycophronis
1168 3364 1337 3418 senteutiam

158 3443 353 3509 emunxisset,
372 3441 397 3496 si
415 3439 481 3493 nub.
501 3457 529 3493 n.
551 3444 621 3494 1490
640 3443 670 3496 et
687 3457 749 3509 pac.
764 3459 792 3496 n.
809 3447 876 3496 1311
896 3441 1049 3497 attulisset:
1068 3442 1121 3496 hae
1135 3442 1210 3497 enim
1223 3443 1337 3498 fabulae

156 3523 195 3578 ad
216 3525 342 3580 aetatem
369 3520 459 3575 multo
489 3520 672 3574 remotiorem
700 3522 843 3590 pertinent
864 3521 1073 3577 Ecclesiaausis.
1115 3521 1242 3578 Ceterum
1267 3539 1284 3576 a
1307 3539 1337 3578 re

157 3605 283 3658 alienum
302 3620 358 3657 non
377 3601 431 3654 erit
449 3600 504 3654 hae
524 3616 637 3668 qnoque
651 3600 797 3656 occasione
812 3600 855 3654 uti
874 3601 1093 3670 demonstrandi,
1114 3602 1210 3672 ‘quam
1224 3604 1334 3672 parum’

157 3682 217 3754 ipsi
230 3680 407 3752 grammatici
422 3678 608 3733 Alexandrini
621 3681 778 3749 temporum
793 3679 932 3734 rationem
947 3680 1104 3736 habuerint.
1137 3679 1337 3736 Eratosthenes

159 3763 235 3816 enim
258 3760 413 3816 actussima
436 3759 498 3828 ipse
525 3776 636 3828 qnoque
662 3760 760 3813 horum
783 3757 909 3813 locorum
933 3760 1110 3826 meminerat;
1139 3759 1188 3815 sed
1211 3778 1274 3816 cnm
1302 3763 1337 3815 de

160 3841 287 3910 Philyllii
300 3844 394 3896 aetate
408 3855 465 3894 non
479 3839 682 3906 recordaretur,
702 3855 720 3892 a
739 3837 874 3892 Strattide
889 3839 1052 3908 Philyllium
1067 3839 1128 3894 eius
1142 3841 1226 3895 moris
1240 3840 1337 3895 innen-

160 3925 253 3977 torem
271 3919 410 3976 nominari
428 3918 550 3988 putauit,
570 3917 717 3974 Strattitlis
735 3919 828 3974 locum
843 3919 935 3974 minus
952 3923 1027 3976 recte
1046 3922 1254 3991 interpretatus,
1274 3937 1336 3974 cum

163 4017 180 4056 e
201 3998 338 4056 Strattide
360 3997 433 4052 nihil
451 3996 529 4051 aliud
548 3997 682 4068 colligere
701 3998 786 4052 liceat
804 4015 888 4066 quam
907 3998 1071 4070 Philyllium
1090 4000 1140 4056 illo
1158 4017 1235 4056 more
1254 4016 1338 4072 saepe

165 4099 245 4136 usum
272 4097 347 4146 esse3
374 4079 493 4133 sortasse
512 4078 597 4134 etiam
626 4080 691 4134 nub.
711 4096 807 4133 uersus
832 4085 883 4134 143
907 4078 1088 4136 Eratostheni
1114 4097 1190 4147 eam,
1218 4096 1336 4148 qname

163 4159 301 4216 Strattide
320 4157 519 4227 exsculpserat,
545 4157 714 4214 sententiam
733 4159 896 4214 confirmare
914 4159 1071 4234 uidebatur,
1091 4177 1153 4214 cnm
1171 4159 1337 4229 praesertim

162 4241 199 4296 ds
222 4257 256 4295 eo
279 4255 363 4294 amsa
386 4253 403 4290 a
426 4235 570 4292 ueteribus
593 4237 719 4308 prolecto
742 4239 817 4294 lalso
845 4237 1000 4294 iudicatum
1023 4241 1073 4304 sit;
1100 4240 1135 4295 el.
1159 4238 1244 4294 schol.
1271 4242 1337 4294 nub.

161 4337 189 4376 u.
209 4325 261 4374 148
284 4321 314 4374 et
332 4317 467 4382 liitterue,
491 4315 592 4372 Philol.
612 4319 667 4376 nol.
687 4326 730 4386 at,
755 4339 784 4394 p.
804 4324 872 4387 4⁶⁴³
893 4319 952 4375 sine
970 4318 1056 4374 dubio
1074 4337 1140 4374 uero
1159 4321 1232 4374 hane
1250 4317 1338 4374 inter-

161 4399 351 4470 prststionem
370 4395 427 4452 loci
445 4395 593 4452 Strattidei
609 4397 711 4456 falsam
730 4417 793 4460 esse
813 4399 998 4456 intellexisset
1015 4401 1077 4455 nub.
1097 4417 1123 4454 n.
1144 4405 1213 4454 1110
1231 4403 1260 4454 et
1278 4417 1338 4470 pac.

165 4485 233 4534 rats
254 4479 401 4546 adductus,
427 4475 633 4546 siPhilyllium
651 4495 707 4536 non
725 4488 796 4540 ante
816 4479 870 4538 has
889 4481 997 4536 fabulas
1014 4479 1140 4534 docuisse
1158 4477 1337 4536 meminisset
