3246 5250
615 445 860 509 -101-

154 605 284 668 lloclius
308 607 537 688 comparandum
561 608 718 686 adscripsit
739 604 893 685 Sophoclis
918 606 1082 683 Antigonae
1108 623 1230 666 uersum
1255 603 1329 686 800,

153 706 211 784 cui,
239 706 264 765 si
287 705 484 786 opusfuerit,
513 707 601 765 etiam
625 701 998 782 Thesmophoriaausarum
1029 720 1136 762 uersus
1160 699 1225 764 975
1253 701 1330 767 adici

154 810 259 881 potest.
306 801 364 862 Sed
390 811 515 881 uterque
545 802 628 862 locus
655 811 715 862 tam
739 800 852 862 alienus
876 819 891 860 a
914 799 995 860 Pluti
1018 807 1193 878 argumento
1217 809 1272 882 est,
1296 809 1330 861 ut

154 917 190 958 ue
220 907 433 961 commutatum
462 899 581 979 quidem
610 899 735 960 alterum
768 909 868 959 utrum
903 915 970 958 cum
999 897 1086 958 Pluto
1113 898 1328 977 Aristophaneo

154 999 290 1058 conicere
319 998 386 1076 quis
414 999 504 1078 ausit3
532 1016 569 1058 ne
597 1000 627 1057 in
656 996 742 1057 Pluto
773 995 892 1075 quidem
921 997 984 1075 ipsa
1009 993 1087 1056 ullus
1117 1003 1212 1056 exstat
1236 996 1329 1078 locus,

157 1093 207 1154 ubi
235 1113 339 1156 uocem
363 1089 531 1174 ἐμπαίζειν
554 1097 660 1174 reponi
682 1095 790 1176 possit,
814 1112 880 1154 cum
905 1091 941 1153 de
965 1095 1031 1172 ipso
1055 1111 1145 1154 uersu
1170 1089 1245 1174 557,
1269 1112 1328 1172 quo
1357 1137 1359 1144 -

154 1209 213 1252 uno
232 1191 297 1252 loco
317 1209 372 1254 uox
389 1191 493 1253 similis
508 1194 638 1252 notionis
657 1193 820 1273 inuenitur,
839 1191 888 1251 uel
906 1191 1005 1251 hiatus
1020 1192 1151 1270 cogitare
1166 1209 1220 1251 nos
1234 1200 1326 1253 uetet.

244 1297 322 1358 Nihil
341 1299 432 1377 igitur
450 1299 639 1380 relinquitur,
663 1300 720 1358 nisi
739 1306 773 1359 ut
791 1295 915 1359 candide
935 1297 971 1356 de
991 1297 1047 1356 hoc
1067 1298 1233 1375 fragmento
1254 1298 1327 1360 nihil

153 1395 268 1474 liquere
292 1397 493 1458 confiteamur.
534 1396 596 1456 Nec
616 1415 688 1458 uero
711 1396 765 1456 hac
784 1395 973 1458 confessione
993 1413 1042 1456 res
1066 1413 1102 1456 eo
1125 1394 1252 1457 deducta
1272 1406 1327 1479 est,

154 1504 186 1555 nt
209 1497 283 1556 ratio
312 1504 412 1554 nostra
441 1493 477 1554 de
501 1494 587 1556 Pluto
610 1497 711 1573 priore
734 1491 1000 1554 Alexandrinorum
1024 1500 1120 1553 aetate
1143 1496 1202 1554 iam
1222 1495 1325 1573 deper-

152 1592 212 1652 dita
236 1593 334 1654 statim
358 1590 511 1653 abicienda
535 1595 581 1652 sit.
628 1591 659 1651 Si
683 1599 796 1670 septem
821 1589 984 1668 fragmenta
1007 1589 1080 1650 falso
1103 1590 1189 1651 Pluto
1213 1593 1324 1653 Aristo-

151 1688 281 1768 phaneae
301 1689 449 1768 adscripta
469 1707 534 1750 esse
558 1691 762 1768 cognocimus,
785 1705 883 1748 nonne
903 1689 992 1748 etiam
1011 1687 1047 1746 de
1069 1697 1174 1749 octaua
1193 1692 1324 1769 suspicio

150 1785 235 1847 nohis
258 1783 395 1848 orietur?

238 1891 267 1968 ξ.
286 1889 338 1953 20.
374 1891 485 1952 Eorum
505 1895 595 1971 igitur
614 1895 857 1973 fragmentorum,
876 1910 952 1970 quae
970 1891 1057 1952 Pluto
1075 1891 1193 1954 fabulae
1212 1894 1323 1974 simpli·

153 1992 228 2050 citer
247 1991 395 2069 adscripta
413 2000 493 2070 suut,
512 1989 626 2051 nullum
645 1989 821 2052 dubitationi
840 1999 1009 2068 exemptum
1028 1996 1080 2049 aut
1098 1990 1238 2052 idoneum
1257 2009 1323 2052 esse

150 2085 359 2168 intelleximus,
375 2105 434 2166 quo
453 2086 643 2169 adducamur,
664 2096 697 2148 ut
714 2090 802 2148 etiam
821 2095 889 2167 post
903 2077 1169 2147 Alexandrinorum
1189 2097 1323 2167 tempora

148 2183 222 2244 duas
245 2183 348 2244 Plutos
371 2187 520 2246 exstitisse
548 2187 760 2247 existimemus
810 2184 896 2246 Nunc
924 2184 1079 2245 uideamus
1102 2185 1139 2244 de
1163 2204 1212 2267 eo,
1243 2187 1322 2264 quod

147 2279 243 2342 adhuc
275 2284 544 2362 praetermisimus,
576 2282 740 2361 fragmento
773 2279 840 2344 442
873 2300 909 2342 ex
942 2281 1033 2342 schol.
1067 2282 1140 2342 Rau.
1173 2301 1200 2344 u.
1236 2281 1322 2346 1093

147 2377 317 2456 desumpto:

465 2499 535 2564 cciv
557 2496 832 2583 λαμπαδηφόρων
855 2521 890 2564 τε
912 2501 1001 2562 πλεί-

465 2611 555 2662 στων
574 2598 685 2662 αἰτίαν

464 2705 537 2770 τοῖς
558 2689 716 2770 ὑστάτοις
738 2694 910 2758 πλατειῶν.

147 2837 210 2898 lloc
238 2841 315 2898 enim
346 2858 402 2900 non
431 2841 498 2901 ideo
527 2838 623 2899 solum
646 2840 713 2919 plus
740 2838 882 2918 ponderis
905 2837 1008 2922 hahet,
1032 2839 1113 2918 quod
1135 2858 1195 2901 non
1218 2857 1321 2922 unum,

146 2936 198 2996 sed
218 2936 369 3016 complura
389 2937 480 2998 uerba
500 2941 642 3020 continet,
665 2937 717 2998 sed
741 2935 779 2996 oh
799 2936 828 2996 id
848 2939 974 2996 maxime
994 2955 1009 2997 a
1029 2941 1138 2999 ceteris
1162 2956 1320 2998 secernen-

146 3033 217 3094 dum
245 3042 303 3115 est,
332 3036 410 3114 quod
435 3034 520 3096 Pluto
548 3037 642 3115 priori
669 3052 810 3114 expresse
838 3033 939 3095 datum
966 3043 1021 3095 est.
1072 3035 1175 3113 ltaque
1206 3054 1320 3096 summa

147 3132 329 3208 quaestionis
353 3151 433 3193 nunc
456 3152 492 3194 eo
516 3132 787 3214 comprehenditur,
812 3141 844 3192 ut
867 3135 917 3192 cui
940 3135 1029 3193 aetati
1052 3132 1101 3193 uel
1124 3136 1240 3194 auctori
1263 3133 1321 3193 hoc

146 3229 343 3306 fragmentum
378 3229 515 3292 uideatur
547 3229 738 3291 tribuendum
780 3247 845 3288 esse
878 3228 1075 3309 exploremus.
1129 3233 1227 3310 Atque
1263 3231 1321 3291 hoc

147 3324 266 3404 quidem
295 3335 430 3386 constare
459 3326 532 3388 mihi
559 3335 605 3387 est
628 3343 817 3406 persuasum,
845 3325 880 3385 ad
909 3345 974 3386 eam
997 3335 1124 3388 aetatem
1148 3327 1220 3389 illud
1244 3330 1320 3407 frag-

146 3431 279 3482 mentum
312 3425 501 3486 referendum
535 3443 616 3506 esse,
650 3442 725 3503 quae
757 3420 963 3484 Alexandrinis
996 3427 1134 3503 superior
1166 3427 1236 3507 fuit3
1268 3425 1320 3486 sed

145 3523 213 3599 quis
232 3524 419 3600 potissimum
438 3525 517 3584 inter
537 3540 597 3602 eos,
620 3540 696 3601 quos
714 3520 826 3582 Crause
849 3523 880 3581 in
899 3521 975 3581 libro
998 3520 1035 3582 de
1059 3517 1218 3601 ‘Olympia'
1241 3541 1320 3583 com·

148 3621 244 3696 posito
272 3639 300 3698 p.
325 3619 364 3680 lll
392 3629 563 3701 enumerat,
595 3621 756 3698 scriptores
788 3627 893 3680 auctor
926 3620 992 3679 eius
1023 3618 1241 3698 intellegendus
1274 3623 1322 3702 sit,

144 3715 304 3795 disceptari
336 3736 394 3777 non
428 3725 535 3796 potest.
590 3716 784 3795 Bamhergius
817 3716 937 3795 quidem
976 3736 1010 3778 ex
1044 3716 1218 3778 Dicaearchi
1244 3716 1321 3777 lihro

145 3812 273 3892 quodam
296 3813 348 3874 uhi
371 3813 408 3874 de
431 3813 646 3876 Panathenaeis
669 3816 837 3894 expositum
856 3827 929 3897 erat,
952 3813 1091 3876 haustum
1111 3814 1140 3874 id
1161 3832 1227 3874 esse
1251 3833 1321 3875 cen·

145 3908 242 3991 sebat;
269 3929 303 3970 ac
326 3930 397 3971 sane
421 3913 506 3974 facile
535 3915 565 3973 in
589 3912 656 3974 libri
679 3906 753 3991 περὶ
778 3917 951 3992 μουσικῶν
969 3904 1113 3992 ἀγώνιον
1136 3912 1172 3973 ah
1192 3930 1227 3971 eo
1251 3930 1320 3973 con-

143 4010 247 4087 scripti
262 4011 357 4087 capite
372 4027 417 4090 eo,
432 4013 480 4071 cui
496 4013 732 4090 superscriptum
743 4003 1083 4090 eratllavcdqvcttrdq
1098 4005 1149 4091 (cf.
1159 4007 1274 4084 Mulier,
1285 4012 1321 4072 fr.

142 4104 212 4166 hist.
236 4123 279 4183 gr.
299 4103 408 4168 11248
427 4101 486 4190 sq.)
508 4110 596 4168 etiam
616 4108 821 4188 Aristophanis
840 4126 949 4170 uersus
967 4108 1195 4169 commemorari
1216 4109 1321 4187 potuit.

233 4210 291 4271 Sed
325 4215 411 4272 etiam
445 4233 480 4276 ex
514 4215 589 4278 alius
617 4218 675 4277 uiri
703 4215 788 4276 libris
816 4217 846 4274 in
875 4214 986 4276 scholia
1015 4213 1230 4293 Aristophaneo
1261 4212 1319 4276 hcc

142 4311 342 4388 fragmentum
374 4317 473 4388 potest
511 4330 658 4396 manasse3
691 4312 829 4394 equidem
862 4331 917 4392 ego
950 4311 987 4372 ab
1015 4314 1113 4391 initio,
1146 4312 1320 4391 priusquam

141 4404 311 4485 Bamhergii
339 4411 517 4469 sententiam
542 4415 705 4493 fleuissem,
738 4414 770 4472 in
797 4409 1009 4472 Philochorum
1035 4407 1211 4491 incideram,
1244 4428 1320 4490 quae

141 4505 244 4584 opinio
269 4506 357 4565 etiam
381 4523 462 4568 nunc
486 4505 563 4570 hanc
581 4509 718 4590 illamque
738 4511 937 4592 perpendenti
956 4527 1014 4570 uon
1033 4508 1123 4570 modo
1141 4526 1201 4570 non
1220 4511 1320 4570 miuus
