3246 5250
753 348 971 412 „80-

281 503 374 591 (γάρ)
398 530 434 570 ex
454 510 605 570 Strattidis
624 505 789 569 ‘Potamiis'
814 508 920 579 fabula,
943 527 1018 588 quae
1038 516 1084 569 est
1102 509 1188 569 docta
1207 517 1274 569 ante
1294 516 1453 586 utramque

279 607 485 686 Aristophanis
509 601 733 688 comoediam),
756 606 923 687 Philyllium
946 607 1035 668 huius
1060 608 1150 667 moris
1174 609 1362 668 inuentorem
1387 623 1455 666 esse

276 705 513 766 concludendum
541 701 606 766 est’

364 801 444 862 Haec
463 805 560 863 omnia
584 805 694 881 optime
714 802 787 863 mihi
811 805 890 863 inter
914 821 945 863 se
965 803 1125 863 cohaerere
1145 801 1311 879 bonamque
1333 808 1453 861 senten·

277 901 346 959 tiam
371 909 402 960 et
423 900 460 960 ab
483 903 564 960 omni
589 902 662 960 uitio
687 918 810 961 uacuam
833 900 977 980 praebere
1004 900 1144 961 uidentur
1168 917 1263 977 eoque
1287 901 1381 976 magis
1404 917 1454 959 me

276 1006 391 1058 rectum
421 1017 542 1059 sensum
565 998 705 1076 adeptum
729 1017 794 1058 esse
819 1017 917 1077 spero,
947 1000 1025 1078 quod
1051 1005 1170 1076 praeter
1193 995 1339 1056 Kochium
1363 998 1453 1058 etiam

276 1095 441 1156 Meinekius
465 1097 533 1157 hist.
558 1098 623 1156 crit.
648 1094 705 1156 uol.
729 1095 742 1155 l
765 1117 793 1176 p.
818 1093 883 1157 233
907 1103 937 1156 et
956 1095 1110 1156 Clintonus
1136 1094 1269 1155 infestis
1291 1093 1455 1154 Hellenicis

276 1211 304 1271 p.
331 1190 393 1253 103
421 1197 452 1253 in
482 1194 605 1254 eandem
634 1196 810 1254 sententiam
839 1194 1023 1274 inciderunt,
1052 1212 1178 1272 quorum
1209 1194 1357 1272 uirorum,
1383 1192 1455 1252 licet

277 1307 324 1348 me
348 1291 468 1369 quidem
492 1293 523 1351 in
547 1292 601 1351 hac
625 1311 658 1351 re
677 1290 805 1352 iudicem
829 1310 954 1371 prorsus
978 1294 1184 1370 incorruptum
1209 1308 1242 1350 ac
1266 1292 1330 1350 sine
1354 1293 1398 1350 ira
1422 1297 1455 1350 ct

277 1387 375 1447 studio
403 1388 618 1467 disceptantem
647 1407 712 1448 esse
741 1391 911 1469 negaueris,
938 1389 1015 1450 hanc
1043 1388 1092 1450 uel
1119 1389 1197 1448 illam
1221 1395 1336 1467 partem
1365 1389 1455 1466 sequi

278 1493 329 1545 out
347 1485 417 1545 huic
437 1486 518 1547 illiue
538 1489 702 1547 sententiae
716 1487 817 1547 lauere
837 1487 909 1547 nihil
927 1488 1100 1548 interfuisse
1116 1503 1204 1546 nemo
1224 1505 1282 1546 non
1297 1485 1454 1546 concedet.

773 1683 891 1759 (lapul
918 1684 957 1743 II.

329 1794 443 1859 Num
481 1797 707 1875 utramque
741 1794 920 1860 Plutum
958 1763 1195 1860 habuerint*
1232 1794 1397 1857 ueteres

718 1892 1000 1972 grammatici.

367 2010 396 2087 ἕ.
422 2009 450 2072 7.
492 2009 689 2079 Quamobrem
719 2013 858 2088 quoniam
886 2010 1059 2071 scholiastes
1087 2029 1190 2071 omnes
1219 2011 1348 2088 priorem
1372 2007 1456 2068 Pluti

276 2112 480 2168 recensionem
510 2107 646 2168 monibus
675 2110 737 2167 suis
765 2116 863 2168 terere
896 2108 952 2168 sibi
980 2111 1061 2168 uisos
1085 2127 1151 2168 esse
1180 2107 1455 2168 demonstrauimus

276 2206 537 2286 prohauimusque,
555 2207 613 2265 iam
633 2224 706 2279 eam,
731 2225 806 2284 quae
833 2225 913 2265 ntrnc
932 2206 1077 2287 oboritur,
1101 2207 1303 2284 quaestionem
1325 2207 1454 2284 suscipi-

203 2308 205 2316 '
277 2321 361 2363 omns
391 2303 607 2383 explicandam,
636 2322 764 2381 quonam
792 2304 893 2384 modo,
922 2313 955 2364 ut
979 2302 1152 2365 scholiastae
1176 2305 1307 2383 priorem
1329 2301 1454 2362 Plutum

276 2399 373 2478 legere
395 2399 452 2460 sibi
471 2391 656 2476 uiderentur,
675 2403 807 2480 potuerit
820 2401 964 2462 accidere.
1001 2400 1064 2461 Hoc
1079 2410 1177 2461 autem
1198 2399 1312 2460 duabus
1330 2401 1453 2478 potissi-

276 2516 357 2557 mum
380 2499 416 2558 de
441 2500 539 2558 causis
563 2498 673 2557 lactum
698 2515 763 2558 esse
786 2499 943 2580 contendo,
967 2499 1067 2578 altera,
1091 2498 1170 2578 quod
1195 2515 1250 2557 nec
1274 2495 1453 2557 scholiastae

277 2613 374 2673 neque
395 2598 431 2677 ei,
451 2595 486 2654 ad
507 2613 581 2674 quos
600 2595 632 2653 hi
651 2613 683 2654 se
703 2594 896 2678 applicabant,
914 2599 1094 2674 interpretes
1113 2605 1232 2656 ueteres
1250 2593 1454 2676 Alexandrini,

275 2693 348 2753 duras
371 2692 451 2753 Pluti
474 2694 665 2752 recensiones
689 2690 824 2752 manibus
851 2695 914 2754 suis
933 2694 1101 2773 uersabant,
1125 2692 1224 2772 altera,
1248 2691 1326 2770 quod
1347 2709 1453 2752 earum

276 2789 454 2870 fabularum,
484 2808 610 2869 quarum
642 2790 732 2849 altera
761 2798 876 2851 tantum
905 2791 994 2851 editio
1023 2794 1066 2851 eis
1094 2800 1247 2871 superstes
1276 2799 1369 2868 esset,
1397 2791 1453 2850 sed

276 2905 349 2964 quas
377 2887 422 2947 bis
450 2890 481 2947 in
510 2905 627 2947 scenam
657 2891 828 2948 commissas
857 2907 922 2949 esse
946 2897 1105 2968 constaret,
1136 2906 1167 2947 se
1191 2889 1321 2966 priorem
1346 2905 1451 2947 recen·

274 2985 389 3044 sionem
413 2994 515 3044 nactos
540 3003 605 3044 esse
633 2986 718 3044 initio
738 2985 840 3045 saltem
865 2986 1070 3065 opinabantur.
1112 2985 1174 3044 Hoc
1199 2984 1284 3044 iacile
1311 2986 1450 3063 quisquis

274 3083 344 3162 erit,
372 3084 436 3160 ipse
465 3085 504 3142 ita
530 3100 595 3142 esse
624 3081 789 3162 intelleget,
820 3080 870 3143 ubi
895 3103 919 3143 e.
943 3102 970 3162 g.
998 3084 1034 3144 ad
1059 3083 1229 3143 Callimachi
1252 3081 1288 3141 de
1310 3080 1452 3143 Nubibus

275 3182 452 3239 seutentiam
471 3182 501 3239 in
521 3179 612 3239 schol.
634 3178 702 3239 nub.
727 3198 755 3241 u.
775 3177 840 3240 552
859 3190 1117 3241 commemoratam
1137 3188 1167 3241 et
1186 3179 1221 3239 ad
1240 3178 1451 3240 Eratosthenis

275 3275 311 3335 de
334 3275 410 3336 Pace
436 3279 606 3355 opinionem
630 3279 661 3336 in
689 3295 749 3354 arg.
773 3277 812 3337 lll
841 3288 989 3340 seruatam
1020 3280 1187 3358 respexerit
1216 3272 1267 3359 (de
1291 3295 1348 3356 qua
1371 3278 1453 3337 inira

275 3374 370 3434 losius
394 3368 617 3457 disputabitur).
655 3374 729 3434 lliud
749 3392 832 3454 uero,
856 3395 952 3454 neque
976 3376 1149 3437 schohastas
1171 3393 1269 3455 neque
1288 3394 1349 3455 eos,
1373 3393 1453 3453 quos

273 3471 315 3530 illi
341 3473 433 3532 duces
457 3472 672 3551 sequebantur,
705 3479 825 3531 ueteres
853 3475 1032 3552 interpretes
1060 3473 1286 3551 AlexandrinoS,
1315 3473 1452 3550 priorem

274 3568 354 3630 Pluti
373 3573 578 3632 recensionem
597 3567 788 3630 habuissent
803 3570 918 3632 facilius
932 3570 1129 3651 intellegatur,
1149 3569 1278 3648 primum
1293 3567 1451 3646 aliquanti-

274 3685 344 3747 sper
358 3667 545 3728 redeundum
562 3669 619 3726 erit
633 3666 668 3725 ad
680 3666 790 3726 scholia
805 3667 862 3747 illa,
882 3688 965 3748 quae,
977 3676 1010 3728 ut
1025 3679 1121 3728 utram
1135 3666 1255 3727 Plutum
1271 3663 1450 3727 scholiastae

273 3765 425 3844 legissent,
447 3768 670 3844 inuestigarem,
694 3782 783 3843 supra
802 3768 859 3825 iam
879 3769 1018 3846 tractaui3
1040 3785 1097 3825 nec
1120 3773 1219 3825 temen
1241 3781 1450 3842 quaecumque

273 3882 363 3943 supra
391 3866 448 3923 iam
477 3863 614 3941 exposui,
643 3880 677 3920 ea
701 3880 780 3922 nxrno
804 3867 902 3924 omnia
926 3879 1136 3942 recoquemus,
1163 3861 1214 3921 sed
1239 3860 1370 3921 nuncid
1395 3879 1450 3938 po·

273 3963 420 4022 tissimum
440 3959 525 4020 nobis
549 3958 694 4037 agendum
715 3961 781 4042 crit,
804 3969 838 4021 ut
863 3964 905 4021 eis
924 3979 1011 4040 quiam
1031 3961 1253 4020 accuratissime
1273 3961 1450 4020 examinatis

274 4059 311 4118 ad
335 4060 573 4138 antiquissimum
597 4060 681 4136 quasi
705 4058 816 4118 iontem
840 4059 1062 4119 descendamus.

347 4187 374 4254 1)
389 4185 458 4239 Cum
474 4201 523 4239 nos
538 4183 590 4237 itia
600 4185 686 4238 uerba
700 4201 771 4252 quae
786 4189 851 4240 sunl
864 4187 1000 4254 πεποίηκε
1017 4182 1049 4238 db
1064 4187 1120 4238 xci.
1136 4181 1277 4237 elibrario
1291 4183 1449 4252 posteriore

274 4265 385 4321 adiecta
403 4281 464 4320 esse
484 4281 654 4333 censeamus,
673 4265 744 4319 haec
758 4283 868 4335 quoqne
887 4266 973 4320 uerbo
991 4263 1104 4318 insertis
1123 4264 1234 4318 demum
1253 4262 1310 4316 illis
1330 4277 1449 4318 consen-

272 4349 388 4401 taneum
402 4349 445 4400 eat
455 4344 561 4415 scripta
575 4362 635 4400 esse
642 4345 689 4398 uel
703 4347 824 4412 mulslim
839 4347 924 4400 anteo
937 4346 1054 4399 fortusse
1065 4344 1224 4415 legabatur=
1242 4340 1305 4412 πρὸ
1321 4341 1447 4399 τούτου

274 4427 343 4498 (τοῦ
359 4423 547 4497 δράματος)
566 4423 631 4488 τοὺς
650 4428 812 4497 Ποταμίους
830 4425 981 4482 διδάσκων.
