3246 5250
598 338 873 402 “87-

680 553 771 625 Pars
800 555 844 629 ΙΙ.

465 717 512 786 De
540 715 631 786 Plnti
659 715 854 805 deperditae
881 718 1053 789 memoria.

265 875 406 937 Absoluta
425 880 509 953 parte
527 873 714 934 antecedenti
734 874 914 936 scholiorum
933 879 1185 956 peruestigatione
1201 879 1350 958 quoniam,

157 977 314 1055 quamuis
329 973 385 1034 alte
398 975 429 1033 in
448 972 653 1050 antiquitatem
673 970 924 1053 descenderimus,
944 983 1042 1034 tamen
1063 977 1244 1054 quicumque
1264 975 1349 1034 nobis

158 1075 256 1136 obuii
282 1073 353 1132 lacti
375 1081 444 1131 sunt
467 1071 656 1149 interpretes,
680 1087 731 1129 eos
756 1089 859 1130 omnes
882 1073 1013 1149 priorem
1035 1071 1091 1132 sihi
1110 1071 1230 1133 Plutum
1250 1073 1348 1151 legere

158 1175 256 1234 uisos
276 1189 344 1230 esse
368 1167 589 1229 euidentissime
614 1169 750 1246 apparuit
773 1186 869 1248 neque
895 1187 1074 1248 quemquam
1097 1178 1235 1230 ueterum
1259 1173 1350 1230 inter-

158 1279 293 1350 pretum
319 1265 601 1343 scholiastarumque
626 1264 699 1324 duas
722 1264 802 1327 Pluti
826 1265 972 1328 editiones
996 1269 1109 1328 uidisse
1136 1267 1239 1329 elirxit:
1271 1285 1350 1329 nunc

159 1365 341 1428 secuudum
369 1382 432 1424 eam
461 1381 549 1442 quam
578 1365 719 1441 proposui
747 1362 973 1444 dispositionem
1003 1373 1176 1445 argumenta
1206 1386 1238 1427 ea
1264 1367 1349 1427 refel-

160 1463 259 1526 lenda
291 1469 372 1542 sunt,
399 1479 473 1540 quae
502 1461 538 1521 ad
562 1462 738 1520 sententiam
770 1479 864 1521 meam
895 1461 931 1523 de
955 1461 1042 1524 Pluto
1070 1465 1171 1543 priore
1196 1465 1349 1544 deperdita

162 1559 383 1622 debilitandam
410 1559 538 1639 proferri
566 1566 692 1636 possunt
722 1559 890 1638 quibusque
920 1560 993 1621 diras
1022 1564 1110 1622 etiam
1134 1571 1202 1640 post
1225 1563 1350 1622 bleran-

162 1659 330 1718 drinorum
349 1665 478 1736 tempora
499 1657 646 1716 exstitisse
663 1654 766 1717 Plutus
786 1658 991 1719 demonstrare
1011 1661 1112 1720 nescio
1132 1662 1199 1737 quis
1214 1669 1349 1720 conetur.

266 1753 460 1814 Continentur
484 1761 581 1812 autem
605 1753 654 1813 illa
679 1763 849 1832 argumenta
874 1758 1004 1835 primum
1028 1758 1201 1835 fragmentis
1223 1757 1348 1838 duobus,

163 1871 252 1934 quae
274 1871 308 1911 ex
326 1851 442 1911 scholiis
461 1851 496 1911 ad
516 1849 591 1911 Plut.
611 1870 661 1912 uu
677 1847 741 1912 115
760 1860 790 1911 et
807 1849 869 1912 119
889 1853 1047 1931 adscriptis
1066 1861 1219 1935 petuntur,
1240 1855 1347 1915 deinde

164 1950 311 2028 reliquiis
337 1952 391 2031 eis,
424 1967 498 2028 quae
527 1966 563 2008 ex
591 1948 655 2008 aliis
683 1949 879 2029 scriptoribus
913 1950 947 2010 ad
981 1952 1181 2029 cognitionem
1214 1960 1346 2012 nostram

164 2055 385 2129 peruenerunt.

660 2179 777 2257 Capul
798 2181 853 2242 ΠΙ.

278 2319 335 2386 De
357 2319 613 2400 fragmentis
639 2319 752 2399 apud
776 2319 1027 2385 scholiastes
1052 2321 1243 2385 seruatis,

266 2465 294 2542 §-
312 2463 342 2527 9.
372 2467 466 2544 Atque
485 2465 613 2544 primum
633 2462 670 2523 dc
694 2463 866 2543 fragmentis
891 2466 942 2542 eis,
968 2482 1043 2543 quac
1067 2481 1103 2523 ex
1127 2463 1249 2526 scholiis
1267 2464 1344 2527 Plut.

169 2583 225 2626 uu.
253 2559 313 2624 115
336 2571 365 2624 et
391 2560 451 2624 119
475 2571 663 2642 promuntur,
686 2559 902 2640 explanandum
925 2570 979 2621 est.
1026 2561 1068 2622 [le
1093 2561 1201 2640 quihus
1225 2562 1346 2624 scholiis

170 2671 207 2724 nt
236 2663 345 2722 rectius
373 2660 522 2722 iudicetur
549 2662 751 2740 iudiciumque
776 2666 914 2720 nostrum
937 2667 1019 2720 certo
1044 2659 1172 2737 quodam
1195 2679 1254 2720 non
1279 2661 1345 2722 dico

171 2758 378 2840 fundamento,
407 2759 458 2818 sed
484 2757 617 2820 subsidio
641 2761 767 2838 nitatur,
794 2759 998 2817 necessarium
1026 2774 1091 2817 esse
1121 2757 1193 2817 mihi
1217 2757 1346 2842 uidetur,

170 2859 272 2918 statim
300 2855 336 2916 ab
363 2857 448 2916 initio
476 2864 638 2934 utrumque
665 2854 810 2916 scholium
840 2855 876 2915 ab
904 2855 1009 2915 eodem
1032 2860 1154 2914 auctore
1177 2855 1345 2934 profectum

171 2973 241 3016 esse
268 2957 370 3033 paucis
397 2954 615 3035 demonstrare,
647 2971 716 3014 cum
744 2952 799 3012 hoc
828 2952 928 3033 modo,
960 2951 1012 3012 ubi
1039 2960 1195 3030 utramque
1225 2954 1345 3015 adnota-

172 3056 284 3116 tionem
307 3051 343 3112 ab
367 3051 469 3112 eodem
494 3050 650 3112 scholiasta
674 3052 872 3130 conscriptam
896 3069 962 3110 esse
986 3048 1235 3129 intellexerimus,
1258 3070 1344 3129 argu-

172 3151 281 3212 mentis
309 3152 365 3231 eis,
393 3148 501 3228 quibus
529 3149 586 3210 boc
614 3149 812 3227 fragmentum
840 3150 876 3210 dc
904 3146 1003 3208 medio
1033 3145 1137 3206 tollere
1161 3147 1344 3224 conabimur,

170 3247 287 3310 sublato
309 3246 359 3308 illo
382 3248 537 3325 grauitatis
559 3253 751 3324 augmentum
775 3256 864 3325 atque
883 3245 1025 3323 ponderis
1045 3244 1122 3305 haud
1143 3245 1344 3330 spernendum

170 3352 331 3408 accrescat.
381 3343 491 3404 Scribit
517 3354 616 3406 autem
645 3343 801 3404 scholiasta
834 3341 870 3403 ad
903 3341 1110 3420 explicandum
1139 3341 1344 3420 Aristophanis

81 3459 90 3470 ·
170 3461 294 3504 uersum
328 3439 391 3504 115
426 3443 478 3520 qui
509 3450 567 3503 est:
600 3435 672 3502 ‘aul
705 3431 797 3520 οἶμαι
829 3431 952 3519 ταύτης
983 3430 1186 3513 ἀπαλλάξειν
1219 3451 1255 3500 σε
1287 3437 1345 3519 τῆς

169 3533 381 3621 ὀφθαλμίας’
404 3541 490 3600 haec:
513 3530 589 3600 ἀντὶ
608 3535 668 3602 τοῦ
686 3535 744 3617 τῆς
762 3530 955 3618 πηρώσεως·
977 3535 1072 3609 ἰδίως
1091 3528 1128 3597 dl
1148 3527 1344 3615 ὀφθαλμίαν

168 3631 234 3720 τὴν
265 3631 416 3718 πήρωσιν
448 3635 516 3700 τιόν
548 3628 738 3718 ὀφθαλμῶν
767 3649 864 3716 φησι·
895 3625 949 3696 διὸ
977 3628 1033 3696 καὶ
1061 3630 1097 3696 ἐν
1126 3629 1170 3718 τῷ
1199 3628 1343 3718 δευτέρῳ

167 3735 424 3819 μεταπεποίηται
456 3731 531 3816 (τῆς
561 3729 736 3815 συμφορᾶς
765 3727 888 3812 ταύτης
915 3745 952 3794 σε
980 3723 1138 3810 παύσειν,
1166 3714 1207 3810 ἧς
1235 3726 1344 3810 ἔχεις’.

169 3834 312 3898 Scholion
340 3851 413 3894 uero
439 3832 475 3894 ad
500 3851 527 3894 u.
553 3830 615 3896 119
644 3833 811 3912 appositum
840 3833 893 3908 qui
920 3841 980 3892 est:
1013 3819 1047 3891 ‘h
1078 3820 1163 3901 Ζεὺς
1190 3820 1251 3909 μὲν
1279 3812 1343 3890 ούν

168 3921 238 3996 oie’
265 3921 324 4008 ὡς,
350 3921 391 3992 τὰ
418 3922 548 3992 τούτων
576 3921 659 4010 μῶρ’
686 3923 735 4010 ἔμ’
762 3928 792 3992 sl
818 3931 823 4004 Ι
850 3919 988 3990 πύθοιτ’
1014 3916 1057 3990 ἂν
1081 3919 1277 4007 ἐπιτρίψειε’
1300 3928 1343 3986 sic

169 4035 350 4106 conceptum
374 4034 432 4088 est:
456 4047 474 4088 o
504 4017 588 4100 Ζεὺς
610 4019 672 4105 μὲν
695 4009 758 4086 οὖν
783 4015 881 4099 εἰδὼς
902 4017 942 4087 τὰ
964 4019 1107 4090 acclamo:
1129 4015 1169 4086 τὰ
1193 4019 1261 4084 τῶν
1285 4013 1342 4082 ἇν-

167 4117 320 4206 θρύπων
334 4117 440 4188 πάντα
455 4117 562 4203 εἰδώς,
577 4117 645 4185 ἐπεὶ
659 4114 762 4186 οὐδὲν
777 4113 882 4185 αὐτὸν
894 4117 1072 4185 λανθάνει·
1088 4117 1343 4202 μεταπεποίηται

169 4217 208 4288 at
232 4218 418 4284 καὶτοῦτο
442 4217 478 4284 ἐν
501 4219 546 4307 τῷ
571 4214 723 4304 δευτέρῳ.
769 4221 849 4282 llaec
877 4221 988 4282 scholia
1013 4220 1149 4300 quisquis
1172 4217 1343 4298 perlegerit,

169 4341 209 4386 ne
232 4322 387 4382 minimum
410 4320 530 4400 quidem
550 4330 671 4400 propter
690 4317 748 4378 καί
769 4319 943 4399 particulam
967 4321 998 4380 iu
1022 4317 1115 4380 altero
1139 4314 1251 4377 scholio
1274 4322 1345 4394 post

169 4418 298 4482 uerbum
317 4415 572 4500 ρεταπεποίηται
591 4416 734 4478 adiectam
754 4416 910 4499 dubitabit,
933 4417 1006 4496 quin
1025 4433 1059 4478 ea
1083 4414 1119 4476 ab
1144 4433 1202 4476 uno
1226 4413 1342 4476 eodem·
