3246 5250
780 379 996 441 ...76-

303 550 424 601 ueteres
447 540 567 601 Plutum
591 543 787 619 posteriorem
808 540 915 620 legisse
935 542 1051 603 ostendi
1070 543 1167 602 uideri
1185 561 1282 624 posse,
1306 540 1477 620 complures

303 640 391 698 etiam
419 640 501 699 locos
530 638 627 718 attuli,
661 657 696 698 ex
725 639 834 717 quihus
862 639 1036 700 didascaliae
1065 643 1236 700 memoriam
1268 647 1380 700 rectam
1408 657 1476 699 esse

303 735 441 815 colligere
471 755 589 816 posses,
620 739 677 796 nisi
706 746 797 816 esset,
825 736 903 814 qnod
928 736 1013 797 aliter
1036 738 1244 797 indicaremus.
1292 736 1378 797 Nunc
1402 753 1475 796 nero

304 834 416 913 aliquot
445 834 617 895 scholiastes
645 854 677 895 se
705 838 837 914 priorem
859 833 979 895 Plutum
1007 833 1105 913 legere
1135 834 1191 894 sibi
1220 837 1301 895 uisos
1328 853 1395 894 esse
1423 853 1476 912 ap-

304 933 411 1011 paruit.
444 931 525 992 Hanc
550 931 754 993 difficultatem
778 931 915 993 facillime
939 934 969 993 in
993 931 1072 991 hunc
1092 934 1154 992 lere
1173 932 1293 993 modum
1317 932 1476 992 submone-

302 1029 408 1090 bimns
459 1031 612 1108 Quotquot
642 1032 722 1091 enim
757 1048 847 1108 supra
880 1035 1029 1107 tamquam
1059 1031 1095 1090 ad
1129 1030 1315 1092 didascaliam
1351 1028 1476 1089 fulcien-

303 1127 369 1187 dam
402 1127 487 1188 attuli
519 1128 644 1202 scholia,
676 1131 707 1188 in
736 1147 838 1188 eornm
868 1124 948 1186 nullo
977 1145 993 1186 a
1021 1126 1187 1188 soholiastis
1216 1146 1247 1187 se
1276 1129 1476 1206 posteriorem

303 1223 422 1284 Plutum
446 1233 573 1284 tractare
598 1225 718 1284 disertis
742 1224 843 1285 uerbis
868 1223 1050 1306 declaratur,
1074 1243 1162 1303 qoam
1181 1226 1359 1285 sententiam
1378 1226 1404 1284 si
1423 1242 1478 1284 eos

301 1321 439 1381 hahuisse
464 1320 601 1382 arbitrari
625 1323 681 1403 uis,
704 1322 760 1381 hoc
784 1340 819 1382 ex
845 1341 948 1382 eornm
973 1323 1091 1384 silentio
1115 1322 1305 1383 efficiendum
1330 1329 1390 1402 est,
1415 1341 1477 1401 quo

302 1422 386 1498 quasi
418 1418 545 1480 inuoluti
579 1423 710 1499 priorem
738 1421 856 1482 Plutum
887 1428 1089 1500 praetereunt.
1142 1420 1204 1480 Hoc
1237 1437 1307 1480 sane
1336 1419 1478 1499 colligere

303 1517 416 1598 liceret,
441 1520 466 1577 si
490 1535 526 1577 cx
550 1518 688 1579 omnibus
707 1519 786 1579 Pluti
810 1519 930 1579 scholiis
956 1519 1034 1578 idem
1059 1517 1295 1578 concludendum
1315 1525 1402 1578 esset.
1441 1517 1480 1578 Vt

302 1623 400 1675 autem
425 1623 599 1693 argumenta
621 1616 669 1676 illa
694 1635 768 1695 quae
793 1624 939 1677 uocantur
963 1635 999 1675 ex
1024 1615 1150 1693 silentio,
1173 1615 1223 1675 nel
1245 1633 1299 1694 per
1324 1634 1355 1675 se
1379 1617 1479 1694 suspi-

301 1716 379 1773 cioni
409 1713 534 1773 obnoxia
562 1723 593 1775 et
620 1716 683 1774 fere
707 1733 825 1792 semper
849 1713 945 1774 lntilia
968 1733 1002 1773 ac
1027 1715 1136 1775 caduca
1161 1720 1243 1793 sunt,
1275 1715 1318 1773 sic
1342 1714 1398 1773 hoc
1421 1733 1478 1792 po-

301 1814 448 1873 tissimum
472 1811 537 1871 loco
561 1812 598 1871 ad
622 1830 655 1871 ea
679 1813 839 1890 confugere
864 1830 900 1872 ne
923 1830 999 1890 opus
1019 1812 1137 1890 quidem
1157 1819 1215 1872 cst:
1240 1830 1277 1871 en
1296 1813 1375 1871 enim
1396 1822 1477 1891 pate·

302 1912 378 1971 lacta
397 1919 442 1970 est
462 1909 546 1969 nohis
566 1909 601 1969 ad
621 1912 760 1988 optimam
776 1911 921 1969 rationem
936 1911 992 1970 uia.
1026 1909 1099 1968 Nam
1115 1911 1253 1986 quoniam
1270 1927 1477 1989 quaecumque

303 2007 389 2068 nobis
412 2007 519 2067 tradita
544 2014 614 2067 sunt
637 2007 747 2067 scholia
766 2007 990 2086 Aristophaneo,
1013 2025 1047 2066 ea
1069 2008 1166 2066 omnia
1191 2025 1227 2066 ex
1249 2024 1309 2065 uno
1333 2007 1478 2086 pleraque
1506 2049 1510 2056 -

303 2107 516 2165 commentario
541 2105 606 2164 siue
627 2103 794 2182 Symmachi
818 2106 882 2164 siue
907 2103 1022 2182 Didymi
1045 2112 1186 2181 congesta
1209 2121 1275 2164 esse
1299 2113 1415 2166 constat
1439 2105 1478 2166 ah

302 2201 472 2262 hominibus
496 2203 672 2280 posterioris
696 2204 799 2262 aetatis
823 2204 880 2282 eiS,
909 2203 960 2279 qni
983 2207 1102 2280 praeter
1125 2200 1206 2259 hunc
1229 2204 1478 2262 commentarium

302 2299 350 2360 nel
378 2317 438 2359 uon
465 2301 523 2359 iam
551 2299 712 2380 habebant,
740 2299 818 2360 unde
848 2299 940 2360 bonas
968 2301 1087 2360 notitias
1116 2299 1283 2378 haurirent,
1312 2298 1360 2359 uel
1383 2302 1477 2360 inter-

301 2398 437 2477 pretandi
465 2406 524 2458 tam
552 2401 648 2477 ignari
676 2406 773 2479 erant,
802 2405 836 2460 nt
863 2415 917 2457 nos
942 2416 1060 2476 qnoque
1085 2414 1189 2456 eornm
1212 2398 1478 2475 interpretationes

301 2496 386 2556 facile
415 2513 622 2576 agnoscamus,
656 2499 723 2574 quia
751 2504 904 2575 praeterea
932 2495 1004 2556 illud
1033 2495 1160 2573 accedit,
1193 2493 1272 2573 quod
1301 2497 1398 2555 omnia
1427 2495 1478 2556 illa

303 2593 414 2654 scholia
438 2593 474 2653 ad
498 2592 626 2673 Plutum,
649 2602 683 2654 nt
706 2594 834 2674 uidetur,
858 2595 1054 2671 posteriorem
1077 2595 1257 2672 pertinentia
1282 2610 1315 2652 ea
1339 2600 1418 2675 snut,
1442 2602 1479 2655 nt

302 2711 337 2752 cx
361 2691 411 2752 illo
431 2694 643 2752 commentario
668 2711 701 2752 ea
725 2710 842 2771 qnoque
867 2691 972 2751 hausta
996 2710 1091 2770 neque
1116 2709 1132 2750 a
1161 2690 1327 2750 soholiastis
1356 2691 1478 2752 demum

302 2792 369 2850 licta
399 2808 464 2850 esse
492 2789 622 2868 putanda
651 2793 723 2870 sint,
751 2808 819 2850 cum
848 2791 1024 2867 praesertim
1053 2791 1082 2848 in
1111 2786 1191 2848 nullo
1215 2805 1319 2847 eorum
1343 2787 1392 2847 uel
1416 2787 1475 2849 loci

303 2885 413 2946 similes
443 2887 647 2966 Aristophanis
680 2889 865 2965 aliorumque
899 2894 1054 2966 poetarum
1085 2883 1134 2945 uel
1166 2892 1321 2946 auctorum
1355 2889 1477 2947 uomina

303 2983 454 3061 uerbaque
479 3001 538 3042 non
562 2985 737 3044 adorantur:
760 2984 807 3044 his
831 2986 921 3062 igitur
944 2984 980 3043 de
1005 2985 1103 3044 censis
1122 3000 1186 3044 eam
1206 3000 1293 3061 quam
1314 2990 1479 3045 tractamus

304 3083 506 3159 quaestionem
531 3084 571 3142 ita
596 3083 659 3142 sine
684 3082 773 3143 dnbio
797 3089 878 3141 recte
903 3081 1067 3162 soluemns,
1095 3088 1129 3142 ut
1152 3082 1209 3162 eis,
1237 3080 1346 3159 quibus
1369 3081 1478 3142 Plutus

301 3180 385 3258 prior
413 3189 676 3260 commemoretur,
707 3179 826 3240 scholiis
855 3181 995 3240 maiorem
1024 3181 1085 3239 nim
1115 3178 1281 3239 tribuamus
1309 3188 1398 3259 atque
1426 3180 1479 3242 illa

301 3277 348 3336 his
379 3275 601 3354 subiungamus
648 3277 749 3356 ltaque
778 3284 811 3337 nt
839 3295 982 3336 summam
1011 3279 1057 3336 rei
1085 3277 1203 3337 tandem
1227 3276 1383 3355 aliqnando
1407 3296 1478 3356 pro-

303 3375 408 3456 teram,
440 3377 620 3453 interpretes
648 3386 751 3435 omnes
780 3391 811 3434 se
840 3373 971 3450 Plutum
988 3376 1119 3452 priorem
1152 3374 1251 3453 legere
1282 3382 1478 3437 censuerunt.

304 3472 363 3533 Sed
387 3480 501 3532 tantum
526 3472 635 3554 aberat,
659 3482 694 3532 ut
715 3473 792 3532 hanc
812 3481 898 3551 qnam
917 3471 1196 3550 praeindicanerant
1214 3472 1383 3548 opinionem
1403 3470 1479 3533 locis

303 3569 480 3648 quibusdam
499 3571 631 3631 inuentis
649 3589 718 3630 cum
736 3579 904 3648 temporum
924 3570 1039 3628 ratione
1059 3585 1118 3628 uon
1134 3566 1359 3629 concinentibus
1375 3572 1478 3631 statim

303 3673 393 3727 totam
418 3667 611 3749 dimitterent,
636 3676 667 3727 nt
681 3668 745 3728 nos
769 3667 850 3728 locos
873 3668 903 3724 in
924 3667 1056 3743 priorem
1076 3684 1112 3726 ex
1130 3667 1297 3745 posteriorc
1316 3666 1479 3729 translatos

221 3753 225 3762 ’
303 3782 368 3824 esse
393 3771 523 3826 statuere
547 3785 606 3826 non
631 3765 811 3845 dubitarent,
834 3763 864 3822 id
887 3763 967 3841 qnod
988 3763 1024 3822 ad
1044 3763 1205 3823 nonnullos
1224 3771 1339 3823 tantum
1359 3780 1479 3847 uersuS,

303 3863 412 3942 quibus
440 3870 609 3941 temporum
642 3866 716 3924 ratio
744 3861 984 3923 manifestissime
1012 3859 1195 3941 laederetur,
1227 3861 1367 3921 adnotare
1400 3879 1479 3939 opus

303 3979 370 4022 esse
395 3964 438 4021 eis
458 3960 624 4022 uidebatur.
661 3961 775 4021 Ceteris
795 3959 876 4038 locis,
900 3957 951 4017 nbi
975 3956 1070 4018 simile
1096 3958 1167 4036 quid
1192 3958 1326 4018 adnotari
1349 3967 1478 4041 poterat,

302 4077 335 4118 se
358 4057 415 4119 hoc
440 4061 497 4119 iam
521 4059 700 4138 compluries
724 4074 872 4136 exponere
897 4057 1093 4115 meminerant
1116 4056 1242 4133 ideoque
1266 4055 1345 4115 idom
1365 4057 1478 4118 iterum

303 4156 473 4218 adscribere
497 4173 752 4236 superuacaneum
776 4173 841 4215 esse
865 4152 1081 4214 existimabant.
1126 4151 1189 4212 Hoc
1217 4153 1304 4213 modo
1329 4153 1478 4237 facillime,

303 4263 337 4315 ut
369 4254 440 4314 mihi
472 4255 591 4334 quidem
619 4255 754 4334 uidetur,
786 4261 816 4314 ct
842 4250 1079 4331 probabilissime
1107 4249 1161 4309 hae
1190 4250 1265 4310 duae
1294 4249 1478 4313 scholiorum

304 4355 397 4412 series
425 4354 504 4414 iuter
532 4371 564 4414 se
592 4349 843 4431 conciliabantur,
875 4367 942 4409 nam
972 4366 1025 4427 per
1054 4366 1085 4408 se
1114 4350 1202 4409 etiam
1231 4346 1284 4408 alia
1319 4347 1476 4426 explicatio

306 4451 466 4529 excogitari
497 4458 608 4531 potest,
645 4456 679 4511 nt
712 4468 776 4531 eos,
813 4450 864 4528 qui
902 4454 1040 4508 ueterum
1071 4449 1270 4527 interpretum
1302 4444 1394 4506 libros
1427 4466 1477 4509 ex-
