3246 5250
755 337 973 400 ..88-

277 522 335 582 que
366 511 487 563 auctore
517 503 684 578 conscripta
714 501 781 559 sint.
830 498 879 559 Sic
909 501 986 559 enim
1011 501 1074 558 sine
1099 499 1188 560 dubio
1213 499 1383 578 explicanda
1409 508 1459 561 est

276 602 324 662 illa
353 599 509 681 particula:
540 594 590 658 ‘ut
619 616 726 658 uersus
752 592 815 658 115
842 605 966 677 propter
995 587 1191 677 ὀφθαλμίαν
1219 616 1325 658 uocem
1353 601 1493 678 singu,

276 699 378 760 lariter
407 699 533 776 positam
562 714 577 754 a
605 703 692 774 poeta
721 702 920 756 commutatus
949 703 1007 774 est,
1041 696 1083 754 sic
1116 694 1164 754 hic
1197 713 1315 774 quoque
1345 715 1459 757 uersus

280 804 403 876 propter
427 796 528 854 nescio
553 810 641 871 quam
665 811 784 852 causam
808 795 837 852 in
862 793 954 852 altera
972 792 1052 852 Pluti
1076 792 1205 852 editione
1225 794 1458 856 transformatus

278 889 349 954 est'
401 892 494 952 Aliam
527 890 606 950 illius
637 890 800 969 particulae
833 889 891 951 καί
920 893 1101 968 inuestigare
1135 891 1362 970 explicationem
1395 912 1459 954 non

277 995 375 1072 potui3
399 989 502 1070 procul
529 991 617 1068 euim,
641 988 746 1067 procul
770 987 841 1048 illud
863 987 1056 1068 reiciendum,
1079 997 1113 1048 ut
1136 991 1376 1050 coniunctionem
1400 990 1464 1051 καί

277 1090 334 1149 hoc
363 1089 426 1148 loco
456 1091 528 1147 item
557 1085 759 1164 explicandam
789 1104 854 1145 esse
882 1094 1022 1165 putemus
1053 1093 1140 1164 atque
1164 1089 1317 1166 inpriore
1342 1070 1465 1148 scholio*

280 1187 403 1246 eandem
431 1183 606 1265 particulam
635 1194 703 1261 post
732 1176 785 1244 dod
811 1183 996 1244 collocatam:
1024 1176 1077 1245 διὸ
1102 1177 1157 1244 καὶ
1181 1179 1285 1268 ἐντῷ
1311 1179 1458 1266 δευτέρῳ

279 1282 549 1366 μεταπεποίηταιι
572 1281 630 1341 hoc
651 1281 698 1341 uel
722 1285 785 1360 ipse
809 1279 972 1341 uerborum
997 1282 1069 1341 ordo
1093 1282 1240 1360 probibet.
1278 1282 1340 1342 Nisi
1363 1285 1460 1362 igitur

280 1383 316 1442 de
344 1382 434 1441 buius
465 1378 627 1458 particulae
657 1379 851 1459 explicatione
880 1378 1025 1438 desistere
1055 1380 1273 1459 desperareque
1306 1379 1392 1440 nobis
1427 1384 1460 1441 in

281 1483 378 1540 animo
398 1488 452 1554 est,
477 1477 550 1537 nibil
570 1477 749 1556 relinquitur
772 1479 832 1536 nisi
853 1484 886 1536 ut
906 1477 1093 1537 scholiastam
1112 1497 1166 1556 per
1186 1496 1250 1538 eam
1269 1479 1304 1538 ad
1324 1481 1461 1556 priorem

282 1579 500 1638 adnotationem
520 1575 648 1635 lectores
667 1575 799 1653 relegare
820 1573 950 1634 uoluisse
969 1585 1109 1654 putemus
1134 1584 1163 1636 et
1186 1584 1347 1657 utrumque
1372 1577 1461 1638 scho-

282 1676 353 1736 lium
377 1674 413 1734 ab
437 1673 541 1733 eodem
566 1681 687 1732 auctore
711 1672 878 1750 proiectum
903 1691 968 1732 esse
993 1673 1180 1734 arbitremur.

372 1772 402 1850 ξ.
423 1769 473 1832 10.
502 1771 555 1831 His
579 1772 750 1849 praemissis
775 1771 938 1850 uideamus,
962 1772 1031 1849 quid
1052 1772 1088 1832 de
1108 1780 1235 1851 utroque
1255 1771 1369 1832 scholio
1389 1791 1463 1832 cen·

284 1871 409 1931 sendum
433 1872 479 1930 sit.

371 1967 390 2028 l.
426 1968 521 2048 Atque
556 1969 685 2046 primum
713 1967 939 2048 aliquantisper,
974 1967 1003 2027 id
1033 1969 1111 2046 quod
1141 1975 1373 2028 consentaneum
1402 1977 1462 2050 est,

284 2067 372 2126 fidem
396 2068 423 2125 ei
447 2065 612 2125 tribuamus
637 2073 667 2125 et
690 2083 895 2145 quaecumque
920 2084 955 2124 eo
979 2069 1186 2146 continentur,
1214 2085 1286 2127 uera
1315 2085 1380 2126 esse
1405 2069 1462 2128 lin-

284 2184 400 2244 gamno,
432 2163 508 2244 quod
534 2166 558 2222 si
584 2164 649 2222 iure
675 2163 849 2243 lecerlmus,
874 2163 961 2223 nullis
990 2162 1213 2224 dilticultatibus
1241 2164 1461 2244 implicabimur

285 2272 312 2323 el
338 2265 435 2322 omnia
460 2279 527 2321 cum
551 2261 689 2321 omuibus
713 2262 881 2320 concinent.
927 2261 960 2320 ln
985 2263 1078 2339 prima
1108 2263 1198 2340 igitur
1221 2262 1301 2323 Pluti
1329 2263 1459 2324 editione

287 2362 432 2439 scriptum
456 2368 532 2418 erat:
556 2351 678 2437 ταύτης
701 2348 902 2431 ἀπαλλάξειν
922 2373 958 2418 σε
976 2357 1034 2438 τῆς
1053 2349 1256 2439 ὀφθαλμίας,
1279 2363 1309 2421 in
1330 2362 1462 2422 secunda

286 2466 384 2519 autem
409 2460 473 2517 eius
497 2456 611 2516 fabulae
636 2459 811 2516 recensione
834 2465 921 2534 poeta
944 2456 1023 2515 bunc
1048 2475 1170 2517 uersum
1198 2461 1241 2518 sic
1269 2459 1460 2520 transforma-

287 2559 344 2636 uit,
372 2563 406 2614 ut
433 2554 591 2614 scriberet:
619 2557 677 2632 τῆς
705 2557 881 2633 συμφορᾶς
907 2544 1028 2631 ταύτης
1056 2565 1093 2614 σε
1121 2546 1278 2633 παύσειν,
1306 2542 1344 2634 ἦς
1368 2554 1462 2636 ἔχεις.

287 2653 389 2731 ltaque
410 2651 585 2711 scholiastae
605 2650 823 2710 adnotationem
843 2652 869 2710 si
888 2654 1050 2732 sequimur,
1070 2670 1102 2712 aa
1123 2669 1197 2729 quae
1214 2671 1292 2712 nuuc
1307 2661 1463 2731 superstes

288 2758 396 2829 exstat,
424 2749 529 2809 Plutus
558 2748 654 2808 fabula
680 2750 744 2808 eius
773 2750 901 2808 nominis
925 2752 1007 2826 prior
1031 2750 1159 2828 putanda
1183 2757 1243 2829 est,
1267 2751 1404 2828 quoniam
1430 2752 1462 2810 in

289 2867 321 2908 ea
341 2848 449 2926 legitur
469 2865 576 2907 uersus
596 2849 648 2925 qui
671 2854 729 2908 est:
752 2841 873 2926 ταύτης
896 2838 1097 2921 ἀπαλλάξειν
1120 2860 1157 2908 σε
1180 2850 1237 2926 τῆς
1260 2837 1464 2928 ὀφθαλμίας.

289 2947 326 3006 dt
354 2964 417 3005 eam
447 2964 533 3023 quam
563 2964 641 3005 nunc
670 2945 805 3004 manibus
834 2963 988 3005 uersamus
1016 2944 1143 3004 labulam
1173 2963 1232 3005 non
1258 2948 1387 3023 priorem
1412 2946 1466 3006 uel

256 3098 258 3103 .
290 3045 386 3105 dicam
410 3063 468 3103 non
492 3062 605 3103 meram
628 3044 757 3123 priorem
782 3042 901 3103 Plutum
922 3061 987 3102 esse
1008 3041 1056 3103 uel
1074 3043 1143 3102 inde
1162 3043 1286 3103 caudens
1305 3052 1358 3123 est,
1382 3045 1464 3122 quod

290 3148 334 3203 tot
362 3161 397 3201 ex
426 3142 642 3220 posterioribus
671 3140 855 3220 temporibus
888 3159 937 3200 res
970 3150 1253 3223 commemorantur,
1286 3160 1358 3220 quas
1390 3141 1465 3204 olim

290 3241 406 3300 futuras
430 3257 505 3318 esse,
529 3256 597 3298 cum
620 3240 702 3317 prior
720 3237 826 3298 Plutus
850 3242 880 3298 in
904 3257 1024 3299 scenam
1044 3238 1293 3317 committebatur,
1317 3257 1404 3298 nemo
1425 3258 1466 3300 ne

290 3342 320 3399 in
345 3339 457 3398 somnis
482 3336 600 3417 quidem
625 3336 797 3396 somniabat.

381 3435 415 3496 ll.
450 3435 507 3496 Sed
538 3436 663 3495 sortasse
692 3441 824 3494 nostram
847 3434 965 3495 Plutum
994 3453 1105 3494 meram
1130 3437 1260 3514 priorem
1284 3429 1467 3516 (secundum

292 3527 493 3616 scholiastam)
517 3551 583 3593 esse
608 3551 668 3592 non
691 3532 763 3592 adeo
786 3533 981 3611 premendum
1006 3551 1128 3611 eamque
1154 3551 1189 3593 ex
1212 3542 1337 3612 utraque
1361 3551 1468 3594 recen·

293 3635 376 3693 sione
400 3651 415 3692 a
440 3639 525 3712 poeta
551 3630 783 3708 conglutinatam
806 3649 871 3691 esse
896 3631 1084 3692 statuendum
1109 3639 1168 3712 est,
1191 3634 1230 3692 ita
1254 3641 1288 3692 ut
1311 3649 1389 3711 cum,
1413 3635 1469 3711 qui

293 3749 372 3790 nunc
391 3729 510 3810 legitur,
534 3746 655 3789 uersum
675 3747 711 3788 ex
730 3731 830 3806 priore
850 3728 947 3789 labula
970 3731 1000 3790 in
1025 3732 1182 3807 utriusque
1206 3731 1469 3790 concinnationem

293 3828 435 3888 traditum
455 3845 521 3886 esse
540 3832 688 3904 putemus.
721 3827 758 3886 At
776 3843 813 3885 ne
832 3826 862 3884 in
882 3825 938 3887 boc
958 3828 1078 3905 quidem
1102 3828 1250 3906 relugium
1274 3845 1305 3887 se
1329 3829 1469 3906 recipere

293 3926 371 3986 licet.
425 3924 596 3984 Certissima
628 3926 707 3983 enim
738 3932 801 3984 tum
835 3942 903 3984 eum
935 3924 1075 3986 habuisse
1109 3925 1273 4004 putandum
1309 3933 1354 3985 est
1386 3923 1470 3988 Pluti

295 4023 423 4084 fabulam
448 4030 477 4082 et
500 4039 612 4082 meram
635 4023 831 4099 posteriorem
856 4029 885 4082 et
908 4041 944 4082 ex
968 4030 1094 4103 utraque
1118 4022 1361 4103 conglutinatam,
1390 4022 1470 4084 banc

295 4123 386 4200 igitur
409 4118 675 4199 interpretabatur,
704 4137 739 4180 ex
766 4119 814 4180 illa
841 4122 975 4200 inspecta
1003 4123 1157 4202 cognouit,
1184 4121 1410 4200 Aristophanem
1435 4125 1470 4182 in

295 4219 461 4298 posteriore
486 4218 614 4278 editione
637 4214 695 4298 τῆς
719 4215 893 4300 συμφορᾶς
911 4220 977 4280 κτλ.
1000 4221 1164 4298 scripsisse.
1196 4219 1237 4280 Ac
1256 4220 1390 4299 prolecto
1409 4218 1470 4281 hoc

296 4334 352 4396 per
383 4333 414 4375 se
448 4315 584 4376 lacillime
618 4317 741 4395 cogitari
770 4324 882 4398 potest,
918 4317 990 4379 illud
1021 4318 1113 4396 enim,
1151 4316 1229 4395 quod
1262 4334 1340 4398 eam,
1377 4335 1471 4396 quam

297 4413 441 4474 tractabat
468 4413 610 4495 fabulam,
642 4415 660 4475 i.
689 4432 713 4478 e.
744 4414 975 4494 conglutinatam
1002 4416 1132 4494 priorem
1164 4415 1369 4476 recensionem
1400 4433 1469 4476 esse
