3246 5250
757 405 977 472 ..68-

280 574 379 626 autem
402 567 521 628 Plutum
546 570 572 628 si
594 568 665 628 illud
690 563 759 628 ἐκεῖ
780 569 918 648 pertinet,
941 576 1005 628 tum
1029 566 1121 628 uerba
1144 568 1230 628 haec:
1254 559 1320 646 ήδη
1344 561 1409 648 γάρ
1434 559 1452 629 ὁ

278 657 508 743 Κορινθιακὸς
521 657 665 745 πόλεμος
679 659 824 743 συνέστη
843 659 953 745 τρισὶν
971 654 991 744 ἢ
1010 659 1164 746 τέτρασιν
1184 662 1270 725 ἔτεσι
1288 657 1453 746 πρότερον

276 758 337 822 τοτ’
358 755 578 841 Ἀντιπάτρου
601 782 669 824 ουτοι
695 765 751 843 eis,
775 780 850 840 quae
874 763 1066 842 antecedunt,
1090 763 1225 823 construi
1248 763 1368 822 omnino
1393 781 1453 823 non

277 861 334 918 iam
363 869 497 938 possunt.
548 861 669 921 Plutum
702 861 780 920 enim
815 861 946 938 priorem
973 879 997 920 a.
1027 857 1091 922 408
1123 860 1240 920 doctam
1269 877 1335 918 esse
1363 879 1452 938 supra

277 956 422 1038 uidimuS,
459 957 569 1018 bellum
602 977 675 1018 uero
709 954 929 1017 Corinthiacum
964 957 1001 1019 ol.
1031 959 1151 1018 demum
1179 954 1239 1036 96,
1267 954 1287 1017 3
1317 983 1358 1004 =
1387 955 1453 1018 394

277 1069 302 1112 a.
327 1052 394 1114 Chr.
419 1058 482 1133 geri
510 1064 648 1134 coeptum
678 1073 744 1114 esse
773 1053 895 1114 tradidit
917 1054 1063 1115 Diodorus
1087 1054 1151 1114 XlV
1175 1052 1231 1116 86:
1264 1044 1282 1114 ὁ
1310 1048 1454 1135 πόλεμος

278 1134 376 1224 οὗτος
400 1148 524 1232 ἐκλήθη
549 1146 781 1234 Κορινθιακός
804 1150 869 1211 coll.
893 1171 958 1232 epp.
983 1149 1034 1230 85,
1058 1150 1110 1232 82,
1134 1149 1185 1213 54.

366 1249 424 1309 Sed
454 1269 513 1310 non
541 1269 665 1329 prorsus
689 1251 799 1310 frustra
823 1247 879 1310 hoc
902 1250 1069 1329 perieulum
1093 1251 1218 1330 lactum,
1246 1249 1358 1328 aliquid
1381 1269 1452 1311 sane

277 1346 352 1406 lucri
376 1348 444 1408 inde
464 1348 619 1408 redundat.
666 1348 726 1408 lam
750 1350 828 1408 enim
854 1348 1073 1426 cognoscimus,
1096 1348 1222 1407 fortasse
1245 1354 1344 1408 tamen
1368 1350 1451 1426 prius

275 1442 348 1502 illud
374 1446 524 1505 numerale
549 1440 693 1528 δευτέρῳ
717 1447 747 1504 in
770 1438 919 1528 προτέρῳ
938 1441 1152 1522 'corrigendum
1175 1463 1241 1504 esse
1261 1463 1358 1523 neque
1377 1464 1451 1507 uero

277 1539 332 1600 hoc
357 1542 466 1624 solum,
490 1544 542 1603 sed
566 1546 654 1603 etiarn
679 1542 770 1602 uerba
795 1561 837 1623 ea,
862 1559 936 1619 quae
960 1549 1043 1602 sunt:
1069 1531 1105 1614 ὃς
1128 1540 1263 1621 ἔσχατος
1286 1535 1451 1623 ἐδιδάχθη

275 1628 331 1696 ὑπ’
355 1632 459 1700 αὐτοῦ
478 1637 615 1724 εἰκοστῷ
637 1638 699 1701 ἔτει
722 1631 876 1719 ὕστερον,
900 1640 1118 1719 transponenda
1142 1658 1208 1700 esse
1232 1648 1300 1717 post
1324 1640 1451 1701 uerbum

276 1729 520 1815 μετενήνεκται,
540 1741 580 1798 ita
599 1746 633 1798 ut
651 1745 732 1797 totus
751 1737 800 1796 hie
819 1737 903 1798 locus
922 1738 999 1799 haud
1020 1741 1110 1798 sciam
1131 1756 1168 1798 an
1187 1739 1230 1798 sic
1249 1738 1452 1800 emendandus

278 1835 326 1913 sit,
350 1842 385 1894 nt
407 1834 585 1896 scribamus:
609 1831 715 1914 δῆλον
734 1826 771 1894 δέ
791 1828 826 1894 ἐκ
844 1832 905 1896 τοῦ
925 1831 962 1896 ἔν
979 1829 1128 1920 προτέρῳ
1148 1829 1324 1916 φέρεσθαι·
1348 1835 1380 1897 εί
1397 1828 1453 1916 μή,

276 1919 357 2010 ὅπερ
381 1924 483 2010 είκὸς,
512 1927 547 1992 ἔκ
574 1929 635 1992 τοῦ
659 1926 818 2011 δευτέρου
840 1924 999 1993 Πλούτου
1020 1930 1120 1994 τοῦτο
1144 1925 1390 2013 μετενήνεκται,
1414 1924 1452 2008 ὃς

276 2025 412 2105 ἔσχατος
435 2021 598 2110 ἐδιδάχθη
624 2019 680 2090 ὑπ’
707 2019 813 2089 αὐτοῦ
842 2027 979 2113 εἰκοστῷ
1008 2029 1073 2090 ἔτει
1101 2023 1250 2109 ὕστερον.
1297 2025 1366 2092 ἐκεῖ
1385 2022 1451 2112 γάρ

276 2115 389 2202 ὀρθῶς
413 2125 486 2206 ἔχει.
532 2120 597 2207 ήδη
620 2119 685 2206 γὰρ
708 2120 772 2187 κτὲ.

367 2223 417 2283 Sic
445 2226 471 2284 si
497 2224 668 2304 scribimus,
697 2226 795 2284 omnia
819 2226 929 2303 optime
953 2227 1032 2285 inter
1055 2243 1087 2284 se
1111 2224 1272 2286 cohaerent
1296 2234 1325 2285 et
1348 2225 1450 2287 claris-

275 2320 349 2378 sima
378 2329 447 2380 sunt
475 2340 573 2400 neque
601 2322 735 2400 prolecto
764 2321 924 2400 quidquam
952 2331 1011 2403 est,
1043 2321 1122 2401 quod
1151 2321 1240 2401 hanc,
1274 2341 1349 2401 quae
1377 2323 1451 2385 mihi

275 2419 363 2477 unice
392 2437 463 2479 uera
492 2438 558 2480 esse
582 2419 716 2499 uidetur,
745 2422 948 2480 coniecturam
972 2420 1138 2478 reiciamus.
1185 2418 1259 2480 Rem
1283 2429 1395 2500 autem,
1425 2424 1451 2481 si

276 2524 358 2574 recte
383 2519 574 2598 coniecimus,
598 2536 723 2598 prorsus
747 2518 870 2578 eandem
894 2516 984 2578 hahes
1008 2525 1096 2595 atque
1120 2519 1150 2576 in
1174 2516 1295 2576 scholiis
1318 2536 1369 2580 uu.
1384 2516 1451 2580 972

275 2609 425 2694 2111463
449 2618 567 2692 putauit
586 2618 664 2680 enim
688 2618 731 2695 ie,
761 2619 812 2695 qui
834 2616 907 2676 haec
931 2618 1094 2694 congessit,
1122 2633 1153 2674 se
1177 2617 1307 2693 priorem
1330 2614 1451 2675 Plutum

276 2712 412 2772 manibus
432 2721 530 2773 terere
549 2715 680 2792 itemque
704 2721 793 2791 atque
812 2713 968 2774 scholiasta
988 2732 1016 2773 u.
1039 2710 1133 2792 1146,
1157 2712 1208 2772 nbi
1232 2713 1301 2773 lacti
1323 2711 1450 2774 alieuius

275 2812 449 2886 posterioris
483 2814 586 2873 aetatis
618 2813 730 2872 mentio
759 2814 786 2871 ei
814 2814 960 2893 occurrit,
992 2813 1091 2872 statim
1119 2813 1149 2870 in
1178 2828 1242 2870 eam
1271 2812 1449 2870 sententiam

276 2907 356 2987 abiit,
379 2916 413 2967 ut
436 2911 530 2986 priori
553 2909 639 2969 Pluto
663 2909 822 2969 nonnullos
845 2911 1021 2988 posterioris
1045 2906 1163 2968 tabulae
1186 2925 1293 2967 uersus
1319 2908 1450 2968 insertos

275 3023 340 3066 esse
364 3007 555 3083 opinaretur¹¹
972 3071 975 3078 .

363 3101 408 3163 lV.
441 3102 542 3164 Paullo
575 3104 629 3164 alia
662 3113 707 3164 est
739 3104 875 3165 condicio
908 3103 1013 3164 scholii
1043 3104 1077 3164 ad
1107 3122 1135 3164 u.
1166 3101 1228 3164 179
1261 3104 1364 3184 primi,
1397 3102 1450 3164 ubi

275 3199 432 3261 scholiasta
455 3201 575 3262 Laidem
600 3203 837 3281 quattuordecim
861 3201 981 3261 demum
1009 3220 1102 3263 annos
1130 3212 1227 3262 natam
1255 3203 1312 3260 iam
1337 3209 1448 3261 tantam

275 3300 441 3358 meretricis
460 3300 567 3359 famam
586 3300 644 3360 sihi
661 3303 814 3379 peperisse
834 3302 968 3378 miratur,
988 3309 1021 3360 ut
1040 3299 1076 3360 ab
1095 3300 1290 3379 Aristophane
1310 3301 1340 3358 in
1360 3299 1449 3361 Pluto

274 3397 374 3474 priore
403 3400 562 3477 perstringi
592 3407 701 3477 posset.
754 3397 813 3458 Sua
840 3400 931 3477 igitur
959 3401 1104 3458 sententia
1138 3399 1226 3458 etiam
1258 3398 1284 3456 is
1316 3399 1449 3476 priorem

273 3493 394 3554 Plutum
417 3493 576 3574 tractabat,
603 3494 632 3554 id
657 3494 735 3573 quod
760 3497 817 3555 nisi
841 3513 894 3573 per
918 3513 949 3556 sc
973 3495 1058 3555 facile
1083 3515 1098 3555 e
1126 3494 1230 3556 scholii
1258 3496 1354 3572 capite
1382 3486 1449 3575 (ὅτι

270 3581 513 3672 Ἀριστοῳάνης
541 3582 582 3653 οὐ
609 3589 696 3670 λέγει
725 3584 891 3672 σύμφωνα
913 3585 996 3654 κατὰ
1019 3584 1097 3665 τοὺς
1120 3584 1277 3673 χρόνους)
1305 3592 1449 3676 eluceret,

275 3687 325 3748 uel
349 3706 385 3747 ex
405 3692 447 3748 eis
467 3692 694 3751 confirmaretur
716 3690 819 3751 uerbis
838 3707 913 3769 quae
934 3699 1016 3750 sunt:
1040 3687 1108 3749 ἔστι
1128 3682 1165 3750 δὲ
1184 3685 1245 3762 ἕως
1264 3684 1450 3763 Διοκλέους

274 3782 329 3864 ἔτη
354 3777 413 3864 ιδ’,
438 3778 521 3846 ὥστε
545 3778 669 3864 άλοηον
694 3777 750 3846 διὰ
774 3777 938 3865 ὀνόματος
961 3777 1067 3865 αὐτὴν
1090 3781 1247 3865 ἐπαίρειν.
1293 3784 1448 3867 ἐμφαίνει

274 3875 312 3944 di
343 3876 399 3943 καὶ
427 3875 570 3945 Πλάτων
604 3878 641 3944 ἐν
673 3880 717 3969 τῳ
749 3881 886 3967 Φαίδρῳ
916 3875 1178 3968 ἑπτακαιδεκάτῳ
1208 3881 1272 3943 ἔτει
1304 3875 1447 3964 ὕστερον

275 3977 470 4062 διδαχθέντι
488 3976 540 4044 ἐπὶΙ
556 3975 748 4054 Διοκλέους.
771 3980 850 4043 Haec
871 3983 958 4060 enim,
978 3983 1046 4059 quia
1061 3980 1136 4042 bona
1152 3982 1297 4042 sententia
1312 3982 1447 4061 exsculpi

273 4097 332 4139 non
360 4087 472 4157 potest,
501 4080 666 4139 certissime
690 4096 758 4138 cum
782 4076 1007 4140 llemsterhusio
1038 4081 1082 4140 sic
1105 4077 1281 4158 corrigenda
1304 4087 1388 4159 sunt,
1411 4089 1446 4140 ut

272 4176 401 4254 legatur:
425 4172 579 4257 ἐμφαίνει
603 4167 640 4236 δέ
663 4168 718 4236 καὶ
741 4168 886 4236 Πλάτων
910 4172 948 4236 έν
969 4174 1014 4261 τῷ
1041 4169 1159 4238 Φάωνι
1182 4170 1444 4262 ἑπτακαιδεκάτῳ

273 4273 337 4336 ἔτει
360 4265 503 4354 ὕστερον
523 4266 719 4353 διδαχθέντι
738 4268 790 4333 ἐπὶ
812 4268 1022 4346 Φιλοκλέους.
1059 4273 1206 4335 Philocles
1226 4282 1334 4354 autem,
1358 4275 1445 4334 cuius

273 4391 381 4434 nomen
405 4374 524 4452 saepius
547 4391 563 4432 a
586 4373 784 4451 grammaticis
808 4371 1034 4451 scholiastisque
1061 4373 1091 4431 in
1115 4370 1224 4432 Dioclis
1246 4388 1354 4430 nomen
1378 4391 1444 4432 cor-

273 4477 395 4552 ruptum
419 4479 465 4530 est
484 4464 535 4553 (cl.
557 4469 692 4549 Prolegg.
715 4468 752 4530 de
776 4470 927 4532 comoedia
950 4469 991 4530 lll
1015 4467 1056 4532 81
1081 4464 1218 4551 hacho),
1241 4466 1352 4528 archon
1375 4487 1445 4549 cpo-
