3246 5250
626 389 844 453 -75„

144 555 245 614 ulmus
269 552 380 614 scholia
404 549 853 633 uo.9ta,1146,173,179.
896 552 1037 630 Didymus
1062 551 1211 631 igiturab
1235 553 1321 632 Apol·

144 651 225 710 lonio
249 650 457 730 Aristophanis
482 669 603 711 uersum
628 653 670 710 sic
694 651 872 729 explicatum
896 652 1025 731 inuenit,
1053 659 1087 710 ut
1110 650 1322 732 Thrasybulus,

143 749 320 810 notissimus
352 747 401 809 ille
436 752 548 827 patriae
581 748 728 808 libertatis
761 748 883 828 uindex,
923 747 1011 808 Stiria
1049 747 1135 808 demo
1168 748 1321 829 oriundus,

144 837 305 916 Dionysius
330 837 545 916 Syracusarum
570 847 712 916 tyrannus
736 837 952 915 intellegendus
976 856 1041 898 esse
1066 838 1226 898 diceretur.
1264 837 1321 898 Sed

144 936 285 1013 qnoniam
306 935 362 996 hoc
385 955 401 996 a
426 938 535 1014 prioris
554 934 633 996 Pluti
656 945 799 1015 tempore,
824 953 911 1014 quam
936 936 1000 1013 ipse
1024 953 1142 1014 quoque
1168 953 1199 996 se
1224 935 1322 1013 legere

144 1034 357 1111 arbitraretur,
389 1033 552 1095 abhorrere
586 1033 719 1111 uidebat,
756 1033 928 1112 Dionysium
958 1042 989 1093 et
1017 1032 1234 1112 Thrasybulum
1263 1051 1321 1093 non

146 1133 321 1194 notissimos
344 1131 410 1192 illos
435 1134 516 1193 uiros
540 1130 754 1209 intellegendos
778 1148 844 1190 esse
868 1130 1033 1210 adnutauit‚
1063 1131 1113 1190 sed
1138 1130 1211 1190 alios
1234 1150 1320 1209 quos·

144 1229 213 1290 dam
238 1229 373 1290 homines
397 1232 598 1308 cognomines.
645 1227 812 1298 Quaerebat
836 1229 940 1307 igitur,
969 1246 1112 1306 quosnam
1136 1230 1322 1306 potissimum

145 1335 233 1406 poeta
267 1328 434 1404 significare
467 1327 628 1406 uoluisset;
661 1325 732 1404 qnid
765 1334 864 1386 autem
896 1328 1053 1404 quaerenti
1085 1325 1201 1387 facilius
1232 1328 1259 1386 ei
1292 1329 1322 1385 iu

146 1431 277 1485 mentem
302 1427 407 1486 uenire
426 1432 544 1504 poterat
563 1441 650 1502 quam
672 1433 704 1485 ut
723 1442 774 1484 eos
793 1425 901 1485 iratres
920 1431 1025 1484 natura
1044 1426 1224 1502 ingenioque
1242 1427 1323 1485 inter

145 1539 178 1583 se
208 1521 366 1582 dissimiles
395 1541 461 1582 esse
489 1519 632 1600 putaret?
678 1521 778 1601 ltaque
802 1521 975 1601 Dionysium
1003 1521 1125 1582 tratrem
1154 1539 1220 1582 esse
1249 1522 1324 1581 dixit

145 1615 376 1681 dissimillimum
410 1619 587 1699 Thrasybuli
622 1621 806 1699 Collytensis.
860 1614 935 1680 ‘sed
964 1637 1089 1697 quanam
1118 1638 1151 1680 re
1184 1622 1262 1680 inter
1290 1637 1323 1678 se

145 1715 308 1777 dissimiles
326 1713 471 1777 luerunt?
503 1716 566 1776 Hoc
581 1717 704 1798 Didymo
723 1736 822 1779 nonne
842 1716 1058 1796 esplanandum
1076 1713 1177 1778 eratl'
1213 1717 1321 1778 Certis·

145 1817 235 1896 sime,
259 1813 430 1893 explanasse
454 1833 573 1893 quoque
597 1835 665 1876 eum
689 1815 800 1876 dehac
819 1834 852 1874 re
871 1814 1009 1875 arbitror.
1048 1810 1324 1877 ‘lutercideruntne

145 1914 252 1992 igitur,
283 1929 357 1991 quae
388 1907 561 1991 exposuitl'
613 1913 764 1993 Fortasse3
794 1913 846 1972 sed
875 1931 910 1972 ex
943 1916 1000 1993 eis,
1024 1931 1099 1990 quae
1127 1913 1230 1992 paullo
1256 1921 1324 1974 ante

144 2011 184 2070 de
217 2007 402 2088 Thrasybulo
435 2008 596 2088 Collytensi
628 2011 769 2091 disserui,
807 2010 855 2071 uel
892 2014 956 2089 ipse
989 2029 1036 2071 me
1073 2010 1158 2072 aliter
1193 2012 1325 2073 iudicare

145 2107 362 2188 suspicaberis;
385 2127 419 2168 ac
442 2118 523 2170 recte
548 2109 677 2188 quidem.
713 2109 777 2169 Mea
801 2111 879 2169 enim
904 2111 1050 2170 sententia
1075 2127 1118 2189 ea,
1142 2126 1220 2186 quae
1239 2110 1325 2189 Didy-

145 2224 215 2266 mus
234 2206 271 2266 de
291 2204 469 2285 Thrasybuli
489 2206 681 2286 Dionysiique
700 2206 939 2268 dissimilitudine
960 2207 1181 2287 explaoauerat,
1206 2207 1325 2268 scholiis

145 2305 236 2384 primi
259 2306 378 2382 generis
397 2306 599 2383 eontinentur,
622 2322 698 2382 quae
717 2302 805 2363 modo
824 2303 859 2364 ad
879 2302 1097 2382 Thrasybuhrm
1116 2302 1326 2385 Collytensena,

145 2420 208 2463 non
232 2400 408 2462 Stirieusem
435 2403 591 2462 reserenda
619 2420 685 2462 esse
713 2402 836 2462 conieci.
882 2398 977 2470 Quam
1006 2401 1042 2462 ad
1070 2405 1252 2463 seutentiam
1275 2403 1325 2462 de·

146 2497 325 2560 tendendam
348 2498 464 2561 duabus
487 2502 675 2579 potissimum
699 2497 959 2560 obseruationibus
984 2498 1133 2579 impellor,
1162 2518 1238 2578 quas
1262 2519 1325 2560 sae·

145 2599 271 2678 pissime
299 2599 470 2659 confirmari
499 2599 569 2660 uidi.
614 2596 773 2658 abducunt
801 2598 881 2656 enim
908 2605 985 2658 teste
1009 2596 1046 2656 hl.
1071 2595 1238 2660 Schmidtio
1262 2600 1325 2659 lere

146 2713 254 2756 omnes
277 2713 328 2756 eae
352 2695 564 2775 erpheationes
583 2695 619 2755 ad
638 2694 795 2774 Didymum
818 2702 979 2774 auctorem,
1003 2694 1113 2774 quibus
1137 2705 1191 2758 aut
1214 2696 1326 2758 similes

146 2793 273 2854 aliorum
294 2803 449 2871 poetarum
468 2793 549 2855 locos
568 2795 716 2873 inspicere
735 2792 874 2854 iubemur
898 2800 949 2854 aut
973 2811 1016 2871 ea,
1039 2811 1116 2872 quae
1139 2793 1177 2853 ad
1202 2813 1325 2858 uersum

146 2888 354 2967 exphcandum
378 2891 557 2970 atteruntur,
585 2892 756 2952 coniectura
783 2899 897 2952 tautum
921 2893 1043 2952 inuenta
1067 2909 1132 2952 esse
1158 2911 1325 2958 monemur.

147 2987 313 3066 Vtrumque
332 2996 432 3049 autem
451 2987 507 3050 hoc
526 3007 616 3068 quiem
634 2996 796 3050 tractamus
814 2989 879 3050 loco
903 2991 969 3050 lieri
992 2988 1119 3070 uidebis,
1142 2992 1167 3048 si
1192 2994 1323 3056 animum

147 3085 312 3146 attenderis
331 3085 368 3145 ad
387 3085 562 3164 partiendam
582 3081 714 3166 μήποτε,
734 3086 762 3147 h,
782 3106 806 3148 e.
826 3087 952 3148 tortasse
972 3087 1019 3147 bis
1037 3089 1189 3170 insertam,
1210 3090 1245 3150 ad
1265 3091 1324 3152 Po-

146 3182 232 3262 lyaeh
257 3201 363 3244 uersus
386 3183 498 3264 allatos,
521 3184 557 3245 ad
581 3183 796 3245 dubitationem
819 3185 856 3245 de
879 3186 1019 3264 Dionysio
1043 3183 1177 3246 relictam
1201 3177 1235 3268 (ὁ
1261 3183 1322 3267 μέν

146 3300 197 3353 τις
223 3311 261 3322 -
287 3279 458 3360 φαίνεται,
483 3271 501 3343 ὁ
525 3275 578 3360 dt,
602 3272 648 3354 ὥς
670 3275 802 3365 ἔοικεν).

238 3374 320 3446 Quae
345 3395 415 3438 cum
443 3380 483 3438 ita
506 3380 580 3459 sint,
606 3377 683 3465 baud
708 3397 900 3459 magnopere,
929 3379 1033 3460 credo,
1061 3379 1225 3441 uerendum
1250 3381 1322 3442 mihi

146 3483 208 3558 est,
240 3493 278 3536 ne
310 3477 341 3537 in
375 3475 513 3536 audaciae
546 3477 652 3536 lamam
684 3480 849 3560 lucturam,
882 3481 908 3540 si
936 3477 1056 3539 scholiis
1086 3481 1175 3557 primi
1203 3482 1323 3558 generis

146 3575 264 3654 partem
279 3571 436 3653 Didymeae
456 3573 662 3652 explicationis
681 3577 828 3636 contineri
847 3577 1028 3638 contendero
1047 3577 1113 3636 ueri
1132 3575 1227 3636 simile
1246 3595 1322 3640 esse.

147 3670 208 3732 Sed
237 3670 293 3731 hoc
324 3679 392 3734 utut
415 3679 473 3752 est,
504 3671 541 3732 de
564 3672 619 3732 hae
643 3689 676 3732 re
700 3675 757 3733 iam
781 3672 855 3734 nibil
878 3673 1071 3735 dubitationis
1095 3672 1231 3735 relictum
1255 3692 1322 3736 esse

146 3769 288 3848 arbitror,
307 3770 380 3848 quin
394 3769 537 3850 Didymus
556 3769 595 3832 ob
615 3788 678 3830 cam
698 3770 789 3832 solam
809 3789 928 3832 causam
947 3773 1223 3849 interpretationem
1242 3771 1321 3833 illam

147 3877 208 3928 tam
232 3865 404 3928 dissimilem
427 3870 627 3950 proposuerit,
651 3869 730 3947 quod
753 3871 883 3947 priorem
902 3867 982 3929 Pluti
1005 3868 1166 3930 editionem
1185 3869 1322 3932 manibus

146 3975 248 4028 terere
271 3964 328 4024 sihi
352 3966 436 4026 uisus
460 3966 507 4025 sit

240 4061 269 4140 ἓ.
288 4059 318 4124 5.
354 4062 392 4124 Et
419 4064 558 4144 quoniam
586 4081 666 4124 nuuc
694 4084 730 4126 ex
754 4083 806 4126 sex
829 4064 1058 4130 scholiastarum
1077 4063 1329 4145 explicationibus

146 4161 257 4242 partim
281 4161 457 4240 certissime,
480 4162 587 4239 partim
613 4163 677 4222 ueri
701 4162 848 4224 simillime
872 4181 925 4223 eos
949 4165 1085 4242 priorem
1107 4161 1234 4230 Plutum
1257 4165 1333 4220 trac·

145 4269 213 4320 tare
237 4255 295 4318 sibi
319 4259 401 4318 uisos
420 4275 486 4318 esse
505 4257 687 4340 collegimus,
711 4261 767 4322 iam
786 4259 822 4320 ad
841 4279 906 4321 eam
925 4261 1137 4326 difficultatem
1158 4254 1337 4326 soluendam

144 4354 334 4438 accedamus,
371 4373 446 4435 quae
483 4375 563 4418 nunc
599 4355 703 4418 oborta
740 4368 794 4420 est.
850 4357 946 4438 Supra
976 4361 1059 4422 enim
1094 4371 1276 4438 postquam,
1313 4357 1338 4416 si

145 4471 347 4532 sequeremur
370 4451 558 4516 didascaliam
582 4455 612 4516 iu
636 4463 811 4535 argumento
835 4465 941 4538 quarto
960 4469 1127 4540 seruatam,
1151 4460 1339 4534 interpretes
