3246 5250
648 391 871 454 ..71-

171 575 238 618 esse
267 559 298 618 in
327 556 391 616 dies
419 557 513 633 magis
546 552 691 614 nideham.
743 553 775 614 Si
807 556 887 615 enim
920 554 954 614 ad
988 553 1075 614 talem
1107 552 1345 613 lamentationem

170 653 345 714 referendae
369 663 470 714 essent
494 647 656 730 ‘Pamphili
679 647 877 732 Heraclidae'‚
901 651 1023 713 duhium
1050 669 1109 711 non
1134 659 1188 730 est,
1213 651 1284 727 quin
1309 648 1345 707 de

171 751 317 830 Pamphili
344 753 469 812 erimine
498 750 640 811 indicium
668 752 727 811 iam
755 750 865 810 lactum
888 767 954 810 esse
978 749 1169 810 statuendum
1192 750 1240 808 sit.
1287 747 1345 808 Sed

169 869 206 910 ex
231 850 334 910 eodem
360 867 448 928 quem
472 867 562 927 snpra
587 846 672 908 attuli
691 865 719 909 ιι.
740 843 804 907 174
822 845 894 906 illud
913 845 1057 906 indicium
1076 844 1207 904 nondum
1227 846 1346 924 lactum,

169 946 224 1008 sed
252 949 308 1007 iam
338 947 472 1007 lntnrnm
496 964 562 1006 esse
586 953 721 1024 apparet,
749 961 817 1004 cum
840 943 901 1004 illic
924 943 1059 1004 loturum
1087 951 1204 1021 tempus
1233 935 1345 1021 (κλαύ-

169 1039 289 1126 σεται),
323 1063 381 1104 non
409 1044 575 1123 perlectum
604 1041 653 1104 uel
682 1044 825 1102 aoristum
853 1040 941 1119 legas.
992 1041 1094 1119 ltaque
1122 1039 1199 1100 hanc
1226 1059 1344 1119 quoqne

169 1161 265 1202 meam
289 1142 466 1202 sententiam
490 1143 548 1201 iam
572 1142 692 1200 missam
715 1140 866 1199 iaciamus.

260 1239 317 1300 Sed
337 1238 543 1317 Aristophanis
561 1237 660 1298 locum
680 1235 927 1316 quemadmodum
946 1233 1233 1314 interpretabimur?
1270 1237 1343 1296 Cum

169 1337 293 1398 aliorum
328 1339 462 1397 uirorum
494 1336 651 1396 doctorum
684 1353 779 1396 nouae
810 1335 980 1414 opinioueS,
1011 1333 1090 1412 quod
1124 1334 1243 1412 quidem
1272 1333 1343 1392 mihi

168 1437 341 1514 innotuerit,
364 1433 495 1514 prolatae
518 1443 570 1494 aut
592 1433 732 1494 defensae
757 1450 816 1494 non
840 1433 958 1492 sintae
982 1450 1019 1492 ne
1039 1449 1093 1509 ego
1113 1433 1232 1509 quidem
1253 1449 1345 1492 nouas

169 1535 293 1612 uerique
322 1531 435 1592 similes
461 1534 631 1610 excogitare
659 1533 785 1610 possim:
813 1527 900 1608 nihil,
928 1527 1034 1607 credo,
1062 1526 1139 1588 aliud
1167 1528 1346 1609 relinquitur

168 1649 257 1710 qnam
289 1641 323 1691 ιιι
355 1639 452 1691 ιοιιιοο
480 1629 668 1708 Pamphilum
701 1636 753 1689 aut
782 1635 898 1707 poetam
928 1634 980 1687 ant
1009 1627 1156 1704 pictorem
1184 1629 1277 1688 luisse
1305 1631 1345 1690 ita

169 1737 321 1810 putemus,
354 1735 388 1788 nt
421 1726 597 1788 scholiastae
630 1727 721 1788 uerba
754 1734 805 1786 aut
837 1742 971 1785 errorem
1005 1726 1161 1784 continere
1193 1735 1244 1786 ant
1272 1726 1347 1788 male

167 1825 317 1888 intellecta
336 1843 402 1886 esse
417 1832 591 1888 statuamus.
623 1825 666 1886 Αο
680 1825 816 1904 prolecto
831 1839 899 1883 mox
913 1821 1071 1902 apparebit
1085 1831 1191 1904 umen,
1212 1829 1348 1903 quamuis

168 1926 235 1984 neri
262 1923 404 1984 dissimile
432 1922 583 2000 uideatur,
611 1941 666 2002 per
693 1920 799 1983 scholii
827 1920 1034 1982 condicionem
1064 1929 1224 2000 utrumque
1250 1924 1348 1984 lacere

168 2021 275 2102 licere,
306 2030 340 2081 ut
368 2019 551 2099 Pamphilum
585 2021 634 2081 uel
666 2029 784 2100 poetam
817 2017 866 2078 uel
894 2020 1042 2096 pictorem
1073 2018 1165 2078 luisse
1195 2031 1348 2102 putemus3

170 2129 236 2181 ntra
260 2137 334 2180 uero
357 2119 504 2178 sententia
523 2117 628 2178 melior
647 2136 681 2178 ac
700 2115 895 2197 praeferenda
915 2118 963 2195 sit,
988 2133 1069 2176 nnnc
1089 2134 1148 2177 non
1168 2126 1214 2177 est
1232 2118 1347 2197 discep-

168 2217 304 2296 tandum,
332 2235 367 2276 ex
395 2217 440 2276 eis
467 2223 580 2296 autem,
610 2233 686 2293 qnae
714 2214 850 2276 dicturus
874 2231 953 2292 sum,
983 2214 1070 2275 lacile
1095 2218 1153 2276 erit
1176 2218 1348 2280 diiudicatn.

168 2313 243 2375 lllnd
268 2333 359 2375 tinum
384 2332 463 2373 nunc
487 2313 559 2373 mihi
582 2313 729 2392 agendum
753 2320 812 2392 cst,
841 2320 888 2392 ut,
914 2319 1144 2392 utramcumque
1169 2317 1347 2376 seutentiam

167 2413 346 2493 arripueris,
373 2420 455 2471 certe
483 2410 573 2471 huius
602 2430 721 2492 quoque
749 2410 854 2471 scholii
883 2419 1038 2470 arrctorem
1067 2411 1199 2490 priorem
1228 2412 1347 2474 Plutum

167 2509 266 2588 legere
289 2508 347 2572 sihi
369 2511 469 2570 nisum
491 2525 558 2568 esso
582 2508 704 2570 eluceat

258 2606 354 2685 Atque
377 2608 506 2685 primum
525 2605 711 2685 Pamphilum
731 2609 878 2686 plotorem
898 2605 992 2666 luisse
1013 2623 1081 2666 oum
1102 2605 1347 2669 Winclrelmanuo

167 2699 308 2784 (operum
336 2703 394 2764 nol.
419 2703 468 2785 Vl,
496 2711 571 2784 part.
594 2702 607 2763 l
631 2723 658 2784 p.
683 2701 739 2786 853
771 2702 949 2764 Geschichte
985 2702 1041 2762 der
1074 2702 1185 2785 lluust,
1217 2713 1293 2784 part.
1321 2705 1361 2766 ll·

167 2823 196 2882 p.
211 2795 301 2882 682),
324 2801 442 2880 lleyero
466 2794 749 2884 (llunstgeschichtc
768 2821 796 2881 p.
815 2793 902 2883 166),
926 2799 960 2862 ll.
981 2799 1016 2859 0.
1037 2800 1179 2862 hlnellero
1199 2799 1348 2883 (Prolegg.

166 2919 190 2959 a.
215 2898 372 2977 llytholog.
397 2917 424 2977 p.
447 2896 528 2981 400)
556 2898 681 2978 aliisque
710 2899 811 2960 multis
840 2915 995 2977 ponamus.
1044 2898 1106 2958 lloc
1130 2902 1156 2960 si
1180 2902 1348 2985 statuimus,

168 2996 252 3057 illum
272 2998 329 3056 iam
349 2995 468 3057 adeam
488 3005 614 3058 aemtem
634 3004 810 3075 prouectum
832 2998 933 3076 luisse,
957 3005 993 3057 ιιι
1016 3014 1033 3054 a
1052 3000 1167 3058 comico
1186 2997 1348 3078 perstringi

166 3101 277 3176 posset,
300 3095 363 3154 lere
387 3093 546 3155 ridiculum
565 3103 612 3156 est
630 3095 679 3156 uel
698 3095 791 3156 uerbo
811 3095 932 3173 quidem
952 3109 1198 3156 commemorare.
1235 3095 1348 3156 Nihilo-

165 3194 266 3253 minus
293 3191 450 3252 scholiasta
479 3192 552 3254 haee
579 3192 673 3254 uerba
705 3193 789 3254 lecit:
826 3183 844 3252 ὁ
874 3184 911 3252 δὲ
939 3183 1140 3271 Πάμφιλος,
1174 3184 1219 3265 ὡς
1251 3192 1349 3273 ἔοικε,

163 3283 221 3350 καὶ
239 3283 401 3369 νεώτερος
413 3275 457 3369 ἦν
471 3281 743 3371 Ἀριστοφάνους,
763 3291 790 3350 h.
806 3308 831 3348 e.
846 3288 1022 3368 Pamphilus
1036 3297 1105 3368 post
1120 3290 1349 3370 Aristophanem

164 3387 285 3448 demum
308 3387 423 3466 floruit,
442 3390 482 3447 ita
506 3397 539 3450 ιιι
557 3387 595 3448 ab
617 3405 653 3446 eo
672 3388 820 3448 nominari
839 3404 898 3446 non
917 3397 1031 3466 posset.
1069 3387 1134 3448 lloc
1153 3391 1350 3467 annuntiatum,

164 3486 191 3545 si
224 3483 311 3544 modo
339 3483 525 3563 Pamphilum
554 3484 804 3564 Aristophaneum
834 3487 981 3563 pictorem
1010 3503 1077 3546 esse
1108 3488 1282 3564 statuimus,
1310 3490 1350 3546 ita

165 3589 282 3642 tantum
297 3581 439 3660 explicari
453 3586 573 3664 poterit,
593 3581 728 3642 utillum
748 3580 936 3642 scholiastam
957 3583 1092 3661 priorem
1111 3583 1230 3644 Plutum
1250 3583 1350 3662 legere

163 3678 222 3740 sihi
250 3680 349 3738 nisum
377 3697 442 3738 esse
470 3679 525 3741 tihi
553 3679 747 3759 persuadeas:
775 3679 833 3738 hoc
862 3688 975 3742 statuto
1000 3697 1072 3742 saue
1097 3680 1140 3741 illi
1164 3680 1351 3759 Pamphilum

164 3774 363 3855 Aristophane
391 3787 485 3838 aetate
512 3779 710 3857 posteriorem
734 3777 831 3837 uideri
855 3781 991 3855 potuisse
1017 3779 1175 3840 concedes.
1222 3779 1352 3858 Quoquo

163 3883 193 3934 to
222 3875 366 3954 certeris,
394 3876 420 3934 si
442 3873 629 3954 Pamphilum
657 3875 804 3952 pictorem
834 3877 927 3936 fnisse
952 3873 1128 3955 arbitraris,
1155 3875 1241 3936 aliam
1265 3877 1350 3937 scho-

162 3969 266 4032 liastae
290 3969 452 4032 uerborum
476 3971 705 4051 explicationem
729 3989 891 4048 numquam
914 3973 1067 4035 inuenies.

255 4068 312 4130 Sed
341 4070 467 4130 fortasse
496 4077 583 4148 poeta
612 4069 744 4146 tragicus
773 4067 830 4128 luit
864 4068 913 4129 ille
942 4069 1133 4150 Pamphilns3
1165 4071 1265 4148 itaque
1296 4069 1352 4129 hoc

163 4182 245 4226 nnuc
268 4173 443 4228 statuamus.
480 4165 675 4228 Scholiastam
698 4167 799 4244 igitur,
823 4169 875 4244 qni
899 4170 929 4228 in
954 4165 1127 4230 didascaliis
1152 4166 1267 4228 nullum
1287 4170 1353 4226 eins

163 4263 294 4323 nominis
312 4269 429 4341 poetam
449 4265 594 4342 tragicum
614 4266 843 4327 commemorari
863 4265 995 4345 scripsit,
1019 4281 1121 4326 nonne
1141 4279 1258 4324 errasse
1283 4281 1352 4323 eum

163 4359 213 4422 nel
237 4377 296 4420 nou
320 4361 393 4422 satis
416 4359 573 4439 diligenter
596 4360 825 4424 didascaliarum
848 4360 943 4423 lihros
967 4360 1160 4438 pernoluisse
1185 4360 1351 4439 putandum

162 4453 244 4520 orit?
284 4456 419 4538 Minime,
446 4461 515 4538 quia
543 4476 690 4538 nusquam
718 4461 773 4522 hoc
797 4476 813 4518 a
838 4458 1000 4522 scholiasta
1024 4461 1140 4522 dictum
1164 4465 1217 4518 est
1264 4458 1351 4540 Apud
