3246 5250
621 401 839 464 ...Π-.-

133 570 341 649 cerpslsseut,
369 583 403 626 ea
427 565 564 625 omisisse
587 563 683 644 dicas,
711 581 786 641 quae
810 561 852 622 illi
877 561 913 622 de
938 570 1105 641 temporum
1129 562 1243 620 ratione
1267 557 1316 618 ad·

132 673 334 746 notarrerant3
357 663 410 724 sed
434 662 491 723 boc
515 664 580 722 ueri
603 668 714 741 quanto
739 658 913 721 dissimilius
936 668 990 719 est.

230 763 261 840 ξ.
281 760 312 824 6.
340 760 450 822 Verum
474 759 524 820 hic
547 758 727 838 aliquamdiu
751 757 974 818 consistendum
999 755 1044 817 est
1067 774 1165 834 neque
1189 763 1256 815 ante
1281 755 1316 816 ad

133 871 241 924 cetera
274 861 402 921 transire
434 876 607 938 possumus,
641 875 730 935 quem
762 855 799 916 de
833 854 945 916 scholio
979 873 1023 934 eo,
1055 853 1134 932 quod
1162 854 1198 913 ad
1227 853 1316 930 expli·
1343 877 1352 894 ·

134 959 269 1020 candum
298 975 421 1018 uersum
446 951 533 1018 1194
561 956 758 1034 compositum
786 962 845 1033 cst,
874 951 965 1014 uerba
994 952 1162 1014 fecerimus.
1208 949 1252 1010 lbi
1281 948 1317 1009 ad

134 1055 292 1135 Cbremyli
317 1054 408 1116 uerba
433 1061 615 1132 quaesunt:

381 1185 455 1256 ἀλλ’
477 1187 601 1256 ἐκδότω
624 1213 674 1267 τις
697 1190 798 1274 δεῦρο
822 1190 929 1275 δᾷδας
951 1183 1100 1272 ἡμμένας

137 1341 215 1401 baec
244 1337 403 1417 explicatio
430 1356 446 1397 a
474 1337 642 1398 scholiastis
669 1338 802 1422 apposita
827 1343 887 1396 cst:
920 1325 972 1395 ὅτι
996 1326 1204 1413 Λυκόφρων,
1233 1322 1318 1404 eleb

135 1431 387 1517 Ἐρατοσθένης
420 1429 539 1514 φησὶν,
572 1424 669 1518 ᾠήθη
703 1430 836 1511 πρῶτον
868 1429 990 1494 τοῦτον
1023 1429 1129 1514 δᾷδας
1154 1419 1319 1511 ᾑτηκέναι.

140 1533 304 1613 πεποίηκε
327 1525 365 1593 δὲ
383 1526 438 1592 καὶ
457 1527 493 1592 έν
510 1522 822 1611 Ἐκκλησιαζούσαις
839 1521 931 1590 αὐτό.
970 1520 1054 1590 ἀλλὰ
1073 1519 1138 1607 γὰρ
1158 1519 1321 1604 Στράττις

139 1621 207 1710 πρὸ
232 1619 433 1710 ἀμφοτέρων
456 1621 586 1691 τούτων
609 1621 688 1701 τοὺς
710 1627 904 1708 Ποταμίονς
927 1619 1098 1688 διδάσκων
1124 1623 1172 1697 εἰς
1197 1616 1320 1685 Φιλύλ-

139 1729 217 1788 λιον
243 1717 403 1806 ἀναφέρει
427 1718 464 1788 τὸ
487 1724 637 1807 πρᾶγμα·

378 1859 473 1948 ὑμεῖς
494 1889 530 1931 τε
553 1861 675 1940 πάντες
699 1857 775 1941 ἔξιτ’
801 1859 854 1928 ἐπὶ
877 1859 915 1927 τὸ
940 1859 1091 1944 Πύθιον,

380 1958 455 2028 ὅσοι
478 1959 618 2047 πάρεστε
641 1957 686 2046 μὴ
710 1958 870 2044 λαβόντες
893 1960 1068 2046 λαμπάδας

379 2055 457 2144 μηδ’
479 2056 562 2134 ἄλλο
586 2056 692 2144 μηδὲν
716 2055 879 2143 ἐχόμενον
906 2059 1100 2123 Φιλυλλίου.

139 2207 176 2268 ln
209 2205 359 2267 annalium
391 2211 471 2267 euim
503 2225 620 2285 eorum,
658 2203 767 2284 quibus
800 2223 907 2264 nomen
941 2206 1117 2283 impositum
1149 2211 1195 2264 est
1228 2197 1322 2262 ‘Lite-

139 2304 294 2366 rariscbes
317 2299 530 2384 Ceutralblatt',
554 2303 705 2365 uolumine
729 2305 799 2363 anni
825 2299 908 2363 1881
935 2300 1140 2382 Bambergius,
1166 2298 1323 2379 aliquando

141 2403 285 2482 magister
314 2420 397 2462 meus
425 2403 684 2480 ueneratissimuS,
712 2410 742 2461 et
769 2400 912 2460 indicium
943 2409 975 2461 et
1007 2399 1150 2461 iudicium
1184 2400 1256 2461 lecit
1288 2397 1325 2458 de

141 2501 327 2560 comicorum
346 2500 512 2561 Atticorum
532 2501 766 2578 fragmentorum
785 2498 964 2558 collectione
984 2496 1133 2558 Kockiana
1154 2507 1246 2576 atque
1270 2494 1325 2557 sub

141 2597 234 2656 linem
263 2598 327 2656 eius
355 2615 499 2656 censurae
530 2598 571 2656 ita
598 2596 661 2656 iere
689 2596 869 2675 disputauit:
898 2594 1052 2657 Strattidis
1077 2595 1221 2672 fabulam,
1251 2614 1325 2676 quae

144 2695 328 2756 inscribatur
347 2690 524 2773 Hominem,
543 2701 610 2754 ante
630 2693 667 2754 cl.
687 2691 739 2773 92,
758 2693 780 2754 4
799 2721 841 2742 =
861 2689 926 2754 408
947 2697 978 2755 in
999 2712 1118 2755 scenam
1137 2697 1326 2756 commissam

143 2811 212 2854 esse
236 2811 273 2852 ex
297 2792 409 2853 scholio
428 2791 464 2852 ad
483 2790 559 2852 Plut.
578 2810 608 2850 u.
629 2788 715 2852 1194
739 2794 909 2870 conscripto
933 2791 1113 2854 concludere
1137 2809 1196 2852 nou
1221 2793 1326 2874 licere;

145 2890 188 2952 ibi
209 2909 267 2951 non
287 2890 323 2950 de
342 2891 452 2969 priore,
475 2889 527 2948 sed
547 2889 584 2948 de
603 2888 694 2948 altera
714 2888 793 2950 Pluti
816 2889 948 2950 editione
973 2891 1028 2968 agi,
1051 2891 1151 2969 itaque
1172 2888 1325 2952 Strattidis

144 2985 340 3066 Ποταμίοος
363 3005 422 3047 nou
445 2995 513 3046 ante
537 2986 573 3046 ol.
593 2983 646 3068 92,
664 2984 686 3047 4
705 3014 748 3036 =
767 2983 843 3066 408,
867 2985 920 3046 sed
942 2995 1010 3046 ante
1030 2986 1067 3046 ol.
1087 2985 1139 3067 97,
1157 2985 1179 3048 4
1198 3015 1240 3038 =
1259 2986 1325 3051 388

145 3085 196 3146 uel
214 3093 281 3146 ante
296 3083 567 3146 Ecclesiazusarum
586 3085 825 3146 commissionem
846 3085 963 3146 doctam
982 3104 1056 3146 csse.
1065 3078 1091 3168 ¹)
1124 3084 1203 3145 llaec
1222 3086 1323 3168 uerba,

146 3184 325 3262 praesertim
349 3199 416 3242 cum
440 3181 574 3260 proiecta
593 3189 696 3241 essent
714 3201 729 3242 a
750 3185 892 3262 magistro
911 3201 987 3262 meo,
1011 3185 1097 3242 cuius
1116 3191 1225 3262 quanta
1244 3194 1324 3244 esset

146 3281 260 3358 ingenii
278 3282 366 3359 acies,
384 3279 463 3340 haud
483 3281 661 3359 ignorarem,
684 3282 781 3358 primo
801 3279 921 3359 quidem
941 3280 1014 3341 adeo
1034 3279 1106 3340 mihi
1124 3280 1325 3360 imponebant,

148 3387 184 3438 ut
207 3384 269 3437 tota
294 3395 356 3436 mea
381 3379 528 3437 sententia
551 3393 611 3436 non
635 3377 774 3438 uacillare
798 3377 903 3458 solum,
927 3377 979 3438 sed
999 3395 1141 3439 corruere
1162 3377 1325 3440 uideretur.

148 3473 208 3535 Sed
237 3493 306 3535 cum
333 3475 399 3534 fieri
425 3476 559 3553 potuisse
590 3474 670 3534 nullo
699 3477 786 3537 modo
815 3475 995 3554 persuadere
1024 3476 1096 3535 mibi
1125 3494 1258 3556 possem,
1292 3487 1325 3537 ut

147 3580 307 3653 postquam
335 3570 426 3632 semel
454 3590 525 3632 uera
553 3571 590 3631 ab
617 3571 815 3635 Eratosthene
848 3575 969 3633 iuuenta
999 3582 1113 3655 essent,
1146 3573 1323 3651 quibuscum

147 3673 248 3731 omnia
263 3671 372 3750 optime
387 3677 597 3749 congruerent,
618 3688 651 3730 ca
670 3671 707 3730 ab
725 3669 972 3749 Aristopbauibus
987 3669 1133 3750 Byzantiis
1149 3669 1324 3730 Aristarchi·

147 3787 209 3848 que
237 3767 390 3846 discipulis
418 3775 506 3845 atque
530 3766 660 3846 Didymis
688 3771 718 3828 in
746 3767 939 3830 dissimillima
971 3769 1037 3826 ueri
1061 3774 1325 3846 commutarentur,

149 3863 262 3944 quibus
286 3881 417 3925 summae
441 3863 632 3924 difficultates
655 3864 808 3927 obstarent
827 3883 895 3926 cum
914 3866 1016 3942 eisque
1037 3867 1220 3924 consentiret
1239 3864 1325 3926 nibil:

148 3963 224 4023 baec
244 3981 312 4024 cum
332 3980 449 4022 mecum
467 3971 648 4042 reputarem,
671 3965 728 4024 uisi
752 3965 881 4043 omuino,
904 3981 958 4022 cur
977 3962 1119 4042 Didymus
1138 3961 1326 4022 scholiastae·

225 4161 251 4230 1)
266 4157 337 4214 Sunt
351 4161 442 4214 autem
458 4161 520 4218 eius
535 4159 624 4230 ipsius
638 4165 724 4220 uerba
737 4163 819 4218 haec:
839 4161 923 4216 ‘Dass
937 4160 981 4214 die
996 4158 1136 4230 Ποτάμιοι
1150 4158 1198 4212 des
1213 4157 1326 4216 suetus

149 4257 201 4296 vor
212 4237 256 4292 Ol.
267 4243 337 4306 tint
353 4239 514 4308 ausgeldbrt
531 4242 617 4309 seien,
632 4239 670 4294 ist
683 4258 733 4296 aus
745 4239 830 4298 schol.
845 4240 918 4298 Plut.
935 4245 1003 4294 1195
1018 4239 1099 4294 nieht
1112 4257 1146 4294 το
1161 4239 1325 4314 τοοίὶοτοεο;

147 4337 180 4375 es
204 4317 324 4373 hendell
345 4316 403 4372 sich
425 4317 484 4374 hier
509 4318 596 4376 nicht
617 4337 664 4374 um
692 4323 745 4376 den
774 4323 877 4389 ersten,
905 4321 1025 4376 sondern
1054 4337 1102 4373 um
1129 4317 1183 4373 den
1211 4320 1327 4374 zweiten

147 4399 258 4466 Pluton,
277 4399 336 4452 also
352 4415 404 4452 nur
421 4415 466 4452 um
484 4397 534 4454 01.
550 4405 626 4468 ⁹⁷2⁴
646 4400 731 4456 been.
750 4419 798 4457 um
815 4400 862 4457 die
876 4401 937 4456 Zeit
954 4417 1005 4456 vor
1024 4400 1073 4454 der
1086 4397 1265 4470 Aulidbrung
1278 4401 1329 4456 der

147 4477 380 4536 Eccleniuaecn!
