3246 5250
242 1345 334 1417 Quam
368 1349 499 1426 antiquis
532 1346 716 1424 temporibus
753 1347 885 1405 omniurn
918 1345 1123 1426 Aristophanis
1159 1345 1324 1407 tabularum

155 1447 282 1505 inarime
303 1445 449 1523 placuisse
467 1445 595 1522 ideoque
614 1443 795 1528 creberrime
810 1443 969 1504 lectitatam
984 1463 1050 1504 esse
1065 1443 1183 1505 Plutum
1199 1444 1326 1505 fabulam

152 1551 270 1604 constat
289 1561 357 1602 cum
381 1561 417 1602 ex
442 1563 477 1602 eo
497 1545 549 1621 qui
572 1541 641 1601 olim
665 1541 734 1602 huic
759 1541 928 1602 comoediae
951 1545 981 1601 in
1001 1542 1166 1604 fabularum
1190 1543 1325 1604 editioni·

153 1639 211 1700 bus
240 1657 401 1700 concessus
430 1641 486 1701 luit
513 1642 608 1720 primo
632 1639 696 1699 loco
731 1632 782 1721 (cl.
808 1639 984 1721 Schneider,
1013 1640 1049 1700 de
1073 1640 1253 1702 scholiorum
1277 1643 1326 1700 Ar.

154 1730 303 1820 lontibus)
327 1748 390 1798 tum
409 1738 487 1818 inde,
511 1738 589 1816 quod
614 1737 724 1797 nullius
747 1739 915 1800 comoediae
940 1739 1171 1817 Aristophaneae
1191 1749 1327 1800 ueterum

153 1843 420 1896 commentatorum
445 1835 584 1895 uberiora
608 1853 695 1914 qnam
719 1837 750 1894 in
773 1835 850 1896 banc
874 1845 990 1896 exstant
1014 1836 1138 1898 scholia:
1168 1856 1202 1897 ea
1227 1847 1327 1897 nostra

153 1941 249 1993 aetate
277 1951 365 2012 quam
390 1937 475 2012 parui
503 1935 664 1993 existimari
698 1933 802 2014 soleat,
835 1945 894 1994 tam
925 1934 1157 1995 clarissimorum
1193 1938 1326 1995 uirorum

155 2031 265 2090 indicio
294 2041 363 2092 sunt
391 2034 570 2110 sententiae,
599 2049 673 2110 quas
702 2031 841 2093 collectas
869 2031 960 2093 habes
994 2035 1025 2092 in
1055 2032 1085 2092 C.
1110 2031 1140 2091 F.
1165 2031 1327 2092 Hermanni

153 2127 253 2188 libello
282 2147 317 2188 eo
341 2131 392 2208 qui
419 2131 582 2207 inscriptus
613 2139 659 2189 est
683 2125 731 2189 ‘de
755 2129 960 2208 Aristophanis
983 2128 1070 2191 Pluto
1094 2126 1215 2209 priore'‚
1240 2148 1326 2208 quam

154 2226 234 2305 quod
262 2225 462 2287 lloetscherus
490 2231 521 2288 in
549 2227 626 2288 libro
654 2228 704 2288 illo
736 2231 808 2288 satis
838 2227 934 2306 amplo
968 2247 1055 2306 quem
1084 2232 1251 2306 composuit
1279 2224 1327 2288 ‘de

154 2324 350 2404 Aristophane
371 2326 495 2404 eiusque
510 2321 617 2387 aetate'
637 2326 717 2387 Pluti
736 2325 850 2385 labulae
866 2344 902 2385 nc
919 2328 1099 2385 mentionem
1114 2325 1235 2405 quidem
1250 2326 1328 2386 lecit.

244 2421 289 2483 Ab
318 2422 371 2482 hac
400 2423 578 2483 iudiciorum
606 2425 763 2502 iniquitate
787 2423 952 2504 proiectus,
983 2442 1071 2502 qoam
1099 2443 1166 2484 cum
1191 2435 1328 2484 ueterum

157 2522 393 2581 existimatorum
417 2520 502 2581 laude
532 2541 590 2581 non
614 2539 780 2598 congruere
804 2519 936 2603 uidebat,
966 2523 1136 2582 nouissimis
1160 2521 1232 2582 adeo
1256 2531 1328 2582 tem·

156 2617 279 2696 poribus
306 2617 447 2678 Aemilius
476 2617 625 2680 Brentano
654 2615 938 2699 (Untersuohungen
967 2618 1042 2680 dher
1064 2620 1116 2679 das
1144 2618 1329 2698 griechiscbe

157 2714 263 2775 Drama
293 2733 322 2794 p.
347 2709 538 2797 109-142)
566 2716 657 2777 buius
685 2717 909 2790 malenolentiae
938 2735 1043 2777 causae
1073 2715 1151 2776 trnde
1184 2715 1328 2794 petendae

157 2823 268 2892 essent,
291 2816 472 2891 inuestigare
496 2814 625 2893 indeque
649 2814 775 2893 probare
799 2825 923 2875 conatus
942 2823 997 2896 est,
1020 2832 1108 2893 quam
1129 2831 1182 2873 nos
1203 2813 1329 2891 legimus

156 2909 276 2972 Plutum
301 2913 502 2990 superstitem,
525 2929 589 2971 eam
613 2914 707 2990 ipsius
733 2913 938 2992 Aristophanis
962 2912 1088 2972 labulam
1112 2914 1178 2971 eius
1201 2913 1329 2971 nominis

157 3025 223 3068 esse
253 3027 308 3068 nec
336 3011 468 3088 priorem
497 3027 551 3070 nec
579 3011 785 3091 posteriorem,
813 3011 864 3070 sed
892 3029 907 3070 a
932 3012 1122 3089 grammatico
1146 3011 1247 3070 nescio
1271 3027 1330 3088 quo

158 3103 318 3186 byzantino
351 3109 536 3185 ineptissimo
571 3125 606 3166 ex
641 3115 766 3186 utraque
800 3111 984 3187 ineptissime
1021 3107 1223 3187 perturbatam
1261 3125 1329 3166 con·

157 3205 399 3283 glutinatamque.
450 3202 530 3263 ldcm
564 3207 652 3264 etiam
687 3204 823 3265 Nubibus
855 3207 968 3268 Auibus
998 3205 1100 3286 Vespis
1137 3216 1225 3284 atque
1258 3205 1330 3266 adeo

156 3304 266 3364 ceteris
284 3301 421 3362 omnibus
445 3302 553 3362 fabulis
571 3301 794 3380 Aristophaneis
818 3303 970 3384 accidisse,
993 3315 1027 3366 nt
1050 3313 1096 3364 est
1124 3304 1330 3382 eloquentissi-

157 3417 225 3460 mus
243 3399 292 3461 bic
316 3403 363 3460 uir
386 3400 506 3479 doctus,
530 3399 718 3460 blandissime
742 3399 948 3461 demonstrare
972 3399 1095 3462 studuit.

247 3497 327 3568 Quae
355 3500 455 3578 opinio
484 3515 662 3576 quamquam
689 3517 704 3557 a
736 3498 816 3558 nullo
845 3499 880 3559 ad
916 3499 944 3560 id
975 3508 1093 3578 tempus
1128 3498 1206 3576 quod
1241 3499 1332 3558 sciam

158 3595 289 3676 probata,
315 3603 413 3655 tamen
443 3597 612 3674 impugnata
640 3599 731 3673 magis
760 3607 806 3656 est
835 3615 923 3674 quiem
952 3597 1089 3657 reintata.
1139 3595 1214 3655 Nam
1242 3605 1276 3654 nt
1303 3599 1335 3655 in

158 3692 306 3752 annalium
342 3711 462 3771 eorum,
495 3692 605 3771 quibus
640 3711 749 3754 nomen
781 3703 827 3754 est
860 3690 1089 3756 ‘hiterarisches
1122 3685 1340 3768 Centralhlatt'‚

158 3792 309 3852 uolumine
332 3794 402 3851 anni
429 3789 513 3852 1872
542 3809 568 3870 p.
593 3788 657 3853 388
686 3811 723 3852 ne
749 3791 836 3870 digna
861 3792 982 3872 quidem
1007 3791 1081 3851 lraec
1104 3792 1253 3852 sententia
1274 3805 1339 3848 esse

159 3889 278 3968 dicitur,
298 3907 385 3966 quam
406 3891 473 3967 quis
492 3889 616 3949 relutet:
639 3891 680 3950 ita
700 3908 736 3950 ne
757 3888 825 3950 Chr.
845 3889 964 3950 Mutilus
984 3889 1107 3970 quidem
1127 3891 1157 3949 in
1179 3881 1341 3945 ‘indicibus

159 3981 355 4066 philologicis'
379 4003 524 4046 annorum
553 3983 637 4047 1872
660 3997 690 4047 et
712 3983 807 4066 1873,
831 3991 968 4066 quamuis
993 3987 1194 4048 uehementer
1218 4000 1286 4042 cum
1308 4000 1342 4042 ea

160 4083 302 4163 luctatus,
330 4093 420 4144 totam
448 4103 512 4144 eam
536 4094 729 4162 prosternere
758 4087 863 4162 potuit.
910 4084 971 4146 Nec
1003 4084 1139 4163 proiecto
1164 4083 1251 4162 prius
1274 4097 1343 4158 pro-

159 4191 311 4242 sternetur
340 4199 428 4260 quam
457 4192 508 4242 aut
536 4182 703 4244 Aristotelis
733 4182 770 4242 de
798 4181 949 4261 tragoedia
974 4191 1137 4264 praecepta
1169 4195 1230 4240 non
1255 4179 1344 4236 etiam

159 4279 194 4338 ad
218 4279 401 4338 comoediam
424 4281 581 4340 transferri
603 4299 690 4360 posse
711 4283 893 4358 argumentis
912 4282 1074 4358 probatum
1095 4287 1147 4340 aut
1167 4275 1345 4354 Byzantinos

160 4375 273 4436 iabulas
292 4375 496 4455 conglutinare
515 4387 672 4458 propterea
692 4396 750 4438 uon
771 4379 903 4454 potuisse
919 4377 1163 4439 demonstratum
1180 4373 1248 4452 erit,
1267 4369 1346 4448 quod

161 4493 248 4536 unam
270 4483 382 4536 tantum
402 4475 583 4536 comoediam
603 4475 639 4536 de
659 4476 762 4538 eadem
781 4491 814 4534 re
833 4478 1036 4556 conscriptam
1057 4471 1247 4534 habuissent.
1285 4466 1346 4527 lloc
