3246 5250
745 361 964 424 ..72-

272 527 460 588 scholiastam
482 525 539 586 hoc
563 533 679 586 tantum
702 527 847 603 scriptum
875 523 1013 585 uidemus
1041 534 1121 585 ante
1149 525 1215 586 hoc
1243 532 1387 602 tempus
1414 524 1444 582 in

273 623 440 686 didascaliis
464 621 577 684 nullum
602 625 828 682 commemorari
850 629 967 702 poetam
991 625 1149 702 tragicum:
1178 619 1214 685 ἐν
1238 615 1352 701 μέντοι
1375 628 1446 693 ταῖς

273 718 502 792 διδασκαλίαις
519 711 591 801 πρὸ
612 711 765 781 τούτων
783 716 859 779 τῶν
882 712 1037 800 χρόνων
1056 713 1168 794 οὐδεὶς
1186 715 1321 801 φέρεται
1335 738 1444 800 τραγι-

271 811 338 891 κός.
376 818 452 878 Sane
475 820 623 878 incertum
647 827 701 898 est,
725 817 795 895 quid
820 820 858 878 sit
882 813 949 878 ‘hoc
973 814 1117 899 tempus'3
1140 819 1191 879 sed
1213 817 1273 879 hoc
1294 820 1352 878 iam
1377 837 1444 878 con·

273 916 361 976 cedes
390 914 564 976 scholiastae
592 915 686 976 uerba
713 917 753 975 ita
782 924 924 995 concepta
952 934 1032 996 esse,
1060 923 1093 975 ut
1122 918 1152 975 in
1180 913 1347 975 didascaliis
1375 931 1445 974 sane

272 1021 390 1094 poetam
414 1011 559 1092 tragicum
583 1020 845 1073 commemoratum
865 1014 957 1074 luisse
977 1015 1041 1074 ueri
1061 1012 1155 1073 simile
1175 1015 1222 1092 sit,
1247 1031 1305 1073 uon
1326 1012 1445 1090 quidem

273 1118 341 1171 ante
365 1111 421 1171 hoc
445 1119 571 1190 tempus,
596 1110 648 1170 sed
672 1119 782 1188 postea.
816 1111 893 1181 Quid
912 1107 1026 1188 igitur?
1049 1112 1075 1169 si
1093 1109 1279 1190 Pamphilum
1300 1112 1445 1187 tragicum

273 1227 339 1268 esse
363 1211 477 1288 statuis,
501 1226 574 1268 num
603 1207 673 1287 quid
697 1207 775 1268 aliud
800 1207 979 1286 relinquitur
1003 1225 1090 1286 quam
1115 1215 1148 1267 ut
1172 1206 1263 1268 uerba
1287 1199 1351 1284 πρὸ
1373 1197 1446 1266 νοό-

273 1326 341 1367 των
368 1303 437 1367 coir
465 1298 599 1386 χρόνων
623 1306 658 1366 ad
682 1324 792 1366 annum
815 1303 890 1385 408,
913 1306 941 1367 h.
966 1324 991 1365 e.
1020 1304 1056 1364 ad
1079 1307 1188 1384 prioris
1212 1303 1290 1364 Pluti
1314 1312 1447 1382 tempora

276 1404 432 1464 referenda
457 1422 522 1464 esse
547 1403 601 1464 libi
629 1400 830 1482 persuadeas?
876 1403 918 1464 Gi.
943 1401 1039 1483 Fuhr,
1066 1401 1161 1462 Musei
1185 1401 1319 1463 Rhenani
1344 1401 1401 1461 nol.
1426 1400 1447 1458 V

277 1498 542 1669 183601όιο42ιιόω
569 1600 610 1658 ita
638 1601 709 1678 sint,
738 1601 768 1657 in
797 1599 908 1660 scholio
938 1617 1057 1678 quoque
1090 1594 1156 1660 385
1184 1598 1327 1658 habemus
1355 1600 1448 1658 iuter·

169 1681 173 1688 ’
274 1704 390 1777 pretam
419 1694 565 1756 simillime
593 1694 777 1756 dubitantem
805 1706 893 1775 atqua
923 1700 975 1775 qui
1000 1697 1035 1756 ad
1060 1715 1088 1756 u.
1115 1694 1272 1756 trenaee
1297 1689 1450 1755 adnotauit

276 1793 345 1856 ἔστι
378 1787 416 1855 δὲ
448 1789 510 1865 ἕως
543 1788 726 1865 Διοκλέους
758 1791 812 1874 ἔτη
842 1787 901 1872 ιδ’,
934 1785 1018 1855 ὥστε
1045 1785 1172 1872 όίλογον
1200 1785 1255 1854 διὰ
1284 1784 1451 1872 ὀνόματος

276 1886 383 1972 αὐτὴν
406 1888 570 1972 ἐναίρειν,
599 1889 651 1950 sed
677 1892 843 1950 certissime
867 1909 926 1952 non
950 1891 1128 1971 dubitasset,
1157 1893 1215 1951 nisi
1237 1893 1369 1969 priorem
1393 1890 1450 1950 sibi

276 1991 375 2069 legere
398 1990 518 2050 Plutum
541 1989 624 2048 uisus
648 1994 735 2047 esset.

365 2085 400 2146 ll.
431 2085 464 2145 ln
488 2085 581 2145 altero
605 2083 684 2162 quod
707 2083 792 2145 attuli
815 2085 927 2146 scholio
950 2087 987 2147 ad
1013 2105 1039 2147 u.
1059 2082 1125 2148 550
1148 2087 1227 2148 idem
1250 2085 1450 2146 statuendum.

278 2186 322 2246 lbi
346 2187 424 2245 enim
448 2182 484 2243 ad
508 2181 714 2261 explicandum
737 2181 816 2242 hunc
840 2183 1045 2262 Aristophanis
1070 2199 1203 2244 uersum:

340 2318 435 2407 ὑμεῖς
457 2315 487 2404 γ’
515 2319 608 2403 οἵπερ
631 2316 686 2382 καὶ
709 2318 937 2410 Θρασυβούλῳ
963 2319 1151 2386 Διονύσιον
1175 2315 1262 2385 εἶναι
1286 2315 1406 2406 ὅμοιον

279 2487 354 2549 qnae
378 2468 542 2528 afferuntur
565 2465 689 2548 scholia,
717 2486 751 2527 ea
775 2470 872 2528 omma
896 2470 925 2528 in
949 2467 1008 2528 duo
1031 2470 1197 2528 certissima
1221 2484 1329 2546 genera
1353 2485 1452 2528 secer·

279 2567 375 2628 nenda
399 2572 482 2645 sunt,
506 2563 540 2623 ad
566 2582 693 2642 quorum
716 2564 772 2624 boc
796 2565 845 2625 uel
867 2564 940 2625 illud
964 2565 1078 2644 singula
1102 2551 1209 2626 refelri
1232 2571 1365 2643 possunt.

369 2661 398 2742 a)
423 2663 520 2741 Atque
539 2661 575 2721 ad
594 2663 723 2740 primum
743 2663 924 2726 scholiorum
943 2683 1037 2743 genus
1056 2664 1134 2724 haud
1154 2663 1277 2724 dubium
1300 2670 1356 2742 est,
1380 2666 1453 2741 quin

281 2761 424 2823 trahenda
448 2762 509 2821 sint
531 2758 642 2820 scholia
666 2777 713 2840 ea,
743 2779 818 2839 quae
842 2762 974 2823 seeundo
998 2771 1027 2822 et
1050 2763 1139 2822 terrio
1163 2760 1228 2820 loco
1252 2762 1453 2840 continentur,

281 2877 409 2938 quorum
433 2859 557 2919 formam
580 2859 774 2935 integriorem
796 2861 827 2919 iu
849 2859 900 2920 illo
924 2861 1016 2938 magis
1036 2878 1101 2919 esse
1121 2865 1268 2918 seruatam
1288 2858 1454 2936 putandum

281 2960 351 3038 crit,
380 2958 448 3035 quia
478 2954 557 3016 illius
587 2953 723 3014 redactor
746 2955 782 3014 de
806 2955 990 3035 Thrasybulo
1013 2963 1043 3016 et
1066 2956 1205 3034 Dionysio
1226 2975 1256 3016 se
1281 2955 1354 3016 nihil
1377 2959 1454 3018 certi

281 3063 466 3134 compertum
489 3052 599 3113 habere
623 3052 792 3131 profitetur:
823 3049 994 3114 ‘sortasse
1022 3055 1157 3132 pertinax
1184 3052 1233 3114 ille
1258 3062 1288 3114 at
1310 3072 1454 3133 arrogans

281 3147 539 3234 (rechthaberisch
563 3149 624 3210 und
648 3150 840 3210 anmasseud:
863 3149 1061 3232 Frohberger,
1084 3151 1225 3230 Philolog.
1247 3149 1297 3230 17,
1316 3171 1344 3230 p.
1359 3146 1455 3236 446);

281 3251 413 3328 Dionysii
446 3256 544 3309 autem
575 3248 642 3308 duo
675 3249 789 3309 fuisse
817 3248 1002 3330 uidentur,
1035 3267 1163 3328 quorum
1195 3249 1287 3309 alter
1314 3257 1379 3310 erat
1406 3253 1455 3311 uir

282 3350 417 3425 insanus,
454 3345 561 3426 alter,
596 3353 633 3406 ut
665 3346 825 3425 uidetur,
857 3342 1119 3407 salsamentarius'
1174 3344 1255 3416 Quae
1289 3343 1380 3408 uerba
1412 3349 1456 3408 in-

283 3464 413 3526 sequens
436 3444 594 3505 scholiasta
615 3446 656 3504 ita
681 3445 865 3523 deprauauit‚
889 3453 930 3519 ut,
955 3445 1034 3524 quod
1053 3443 1102 3506 ille
1122 3453 1297 3505 cunctanter
1320 3447 1455 3505 enuntia·

283 3552 381 3624 uerat,
404 3543 462 3604 hoc
486 3561 539 3621 pro
563 3552 645 3602 certo
669 3541 844 3603 affirmaret:
872 3537 957 3603 ‘alter
981 3537 1014 3624 (i.
1038 3561 1063 3603 e.
1087 3536 1303 3624 Thrasybulus)
1328 3549 1384 3602 est
1407 3545 1456 3602 uir

282 3644 419 3721 pertinax
452 3648 481 3700 et
514 3657 668 3719 arrogans,
701 3639 774 3700 alter
807 3634 993 3722 (Dionysius)
1026 3648 1081 3700 est
1114 3642 1161 3699 uir
1189 3643 1312 3701 insanus
1341 3648 1390 3720 et,
1422 3649 1457 3702 ut

285 3740 417 3817 uidetur,
446 3732 706 3798 salsamentariis?
752 3736 831 3796 llaec
859 3736 918 3797 duo
946 3737 1056 3798 scholia
1083 3738 1163 3796 inter
1192 3755 1224 3797 se
1251 3738 1457 3815 coniungenda

285 3855 350 3897 esse
374 3853 428 3914 per
452 3852 483 3894 se
508 3843 642 3914 apparet3
666 3853 763 3913 neque
787 3852 860 3894 uero
880 3853 915 3894 ex
935 3836 1038 3895 ecdem
1058 3852 1091 3894 ea
1110 3834 1191 3893 fonte
1210 3834 1332 3896 fluxisse
1352 3835 1456 3896 dubito

285 3934 466 3996 contendere
494 3939 583 4010 atque
610 3930 697 4012 illud,
729 3932 809 4010 quod
843 3943 938 3996 exstat
965 3933 1000 3993 ad
1031 3931 1300 3993 Ecclesiazusarum
1329 3951 1357 3992 u.
1382 3931 1456 4014 203,

285 4033 337 4095 ubi
355 4030 502 4093 simillime
522 4031 681 4108 scriptum:
701 4014 799 4103 οὗτος
818 4023 1085 4113 (Θρασύβουλος)
1105 4021 1260 4109 αὐθάδης
1277 4023 1332 4090 καὶ
1352 4028 1456 4110 δωρο-

286 4123 400 4208 δόκος,
433 4120 621 4208 ὑπερόπτης
650 4115 699 4189 όν
731 4125 791 4189 τοῦ
824 4121 942 4208 δήμου.
993 4129 1051 4199 Qui
1078 4127 1157 4188 illius
1184 4127 1456 4190 Ecclesiazusarum

287 4228 391 4290 scholii
411 4230 495 4307 quasi
513 4243 621 4305 parens
640 4234 696 4305 est,
718 4227 754 4286 ad
774 4227 901 4287 eundem
924 4227 1012 4285 etiam
1031 4226 1196 4287 secundum
1216 4229 1396 4304 tertiumque
1421 4227 1457 4287 ad

286 4326 364 4388 Plut.
387 4345 415 4386 u.
435 4321 500 4387 550
524 4324 636 4385 scholia
658 4325 814 4386 reserenda
837 4331 915 4384 suut.
1403 4339 1405 4345 ⁸

377 4417 410 4505 h)
434 4421 494 4482 lam
513 4423 549 4483 ad
569 4422 691 4484 alterius
710 4426 827 4501 generis
847 4422 957 4483 scholia
976 4422 1107 4482 eruenda
1125 4422 1309 4502 accedamus,
1330 4439 1458 4500 quorum
