3246 5250
661 417 882 482 -69-

189 600 295 662 npmus
319 581 374 643 hrit
396 575 720 662 01.9t,1=392s1‚
744 582 763 641 i.
787 599 811 639 e.
836 581 1038 660 septendecim
1061 585 1146 643 annis
1170 593 1237 662 post
1252 584 1361 645 Dioclis

187 682 405 759 magistratum,
436 698 524 758 quem
552 679 587 739 ad
617 695 727 738 anuum
750 671 846 740 409t8
876 679 1067 740 referendum
1095 699 1161 741 esse
1190 700 1279 760 supra
1303 685 1360 743 iam

187 796 429 856 exposueramus.
475 777 517 840 Cl.
541 776 662 836 Diodori
685 774 750 835 XlV
765 771 816 835 94.
841 773 977 837 xl1154.
1025 776 1083 838 Sua
1109 780 1208 858 igitur,
1231 781 1361 861 inquam,

187 878 333 936 sententia
362 878 450 936 etiam
480 878 505 936 is
529 876 660 953 priorem
683 872 803 934 Plutum
828 872 984 956 tractabat,
1014 876 1065 935 sed
1090 879 1130 938 ita
1154 896 1169 936 a
1194 877 1361 938 scholiastis

186 993 236 1034 uu.
258 971 342 1035 1146
360 981 391 1034 et
413 969 474 1036 173
498 972 606 1051 diflert,
630 980 671 1051 ut,
695 970 844 1049 quomodo
868 971 941 1032 haec
965 971 1124 1033 difficultas
1148 973 1290 1034 soluenda
1313 977 1361 1056 sit,

185 1073 348 1132 reticuerit.

274 1169 302 1246 §-
321 1167 351 1231 4.
387 1169 440 1230 llis
463 1169 499 1229 de
524 1170 623 1248 priore
648 1166 734 1228 Pluto
759 1170 938 1228 testimoniis
962 1168 1205 1232 luculentissimis
1228 1171 1288 1233 duo
1312 1173 1360 1233 ad·

183 1267 278 1328 denda
302 1277 373 1328 sunt
397 1263 455 1328 n‘on
479 1267 574 1328 dicam
598 1268 695 1326 minus
719 1273 811 1348 certa,
835 1268 887 1327 sed
913 1269 1010 1328 minus
1035 1266 1172 1349 dilucida,
1196 1270 1360 1332 alterume

183 1364 294 1425 scholio
319 1383 349 1426 u.
367 1361 441 1444 385,
465 1365 590 1425 alterum
614 1383 630 1424 e
654 1363 766 1423 scholio
791 1383 820 1427 u.
839 1361 906 1426 550
929 1364 1129 1443 desumptum.
1175 1367 1360 1444 Quamquam

182 1465 262 1522 enim
289 1465 320 1523 in
349 1472 458 1523 neutro
486 1461 597 1522 scholio
625 1463 745 1525 disertis
774 1463 876 1524 uerbis
909 1465 946 1523 de
980 1463 1090 1542 duplici
1119 1464 1198 1524 Pluti
1229 1466 1359 1526 editione

182 1560 365 1640 explanatur,
389 1565 487 1620 tamen
511 1577 547 1619 ex
571 1561 625 1640 eis,
647 1577 722 1638 quae
747 1561 905 1621 scholiasta
930 1564 1076 1643 apposuit,
1099 1563 1218 1624 elucere
1238 1565 1359 1625 euiden-

182 1659 296 1718 tissime
320 1656 462 1738 arbitror,
489 1655 625 1716 illumin
649 1656 739 1716 rebus
762 1676 779 1716 a
803 1667 891 1738 poeta
915 1662 1155 1720 commemoratis
1179 1679 1212 1720 ea
1237 1660 1298 1720 sola
1321 1661 1358 1722 de

182 1773 272 1816 causa
300 1754 472 1834 offendisse,
500 1755 579 1834 quod
608 1773 657 1815 eas
685 1755 721 1814 ad
745 1755 865 1818 Plutum
893 1759 1037 1839 priorem,
1066 1774 1154 1837 quam
1178 1758 1277 1836 legere
1301 1758 1359 1819 sibi

182 1853 353 1934 uidebatur,
378 1855 475 1914 minus
499 1853 644 1932 quadrare
668 1853 861 1932 intellegeret

271 1951 292 2013 l.
320 1951 431 2012 Scholii
455 1953 534 2016 enlm
558 1951 593 2011 ad
617 1970 645 2012 u.
666 1948 731 2013 385
754 1950 896 2030 adscripti
920 1960 1024 2012 auctor
1047 1960 1204 2030 postquam
1229 1950 1359 2012 dubitari

180 2052 330 2128 exposuit,
362 2057 463 2110 utrum
492 2044 649 2128 ‘Pamphili
676 2043 860 2110 lleraclidae'
895 2050 1045 2129 tragoedia
1079 2069 1117 2109 an
1151 2048 1250 2109 tabula
1279 2052 1357 2128 picta

182 2147 301 2225 luerint,
324 2149 455 2226 primum
473 2147 510 2206 de
529 2146 682 2226 Pamphilo
701 2148 741 2207 ita
765 2147 893 2227 disserit,
918 2156 952 2207 ut
975 2149 1121 2226 tragicum
1146 2154 1263 2226 poetam
1288 2166 1357 2207 eum

182 2245 273 2304 luisse
292 2263 352 2306 non
371 2263 458 2325 posse
478 2245 670 2326 demonstret,
694 2243 881 2324 quianullus
901 2247 966 2304 eius
986 2247 1115 2305 nominis
1134 2248 1164 2304 iu
1189 2244 1357 2306 didascaliis

179 2349 267 2420 poeta
286 2349 546 2422 commemoretur,
564 2342 671 2402 deinde
691 2351 807 2403 exstare
827 2342 947 2422 quidem
967 2341 1096 2402 tabulam
1116 2345 1228 2421 pictam
1247 2351 1356 2423 narrat,

179 2441 210 2499 in
239 2459 297 2518 qua
319 2440 492 2501 Heraclidae
521 2449 550 2500 et
572 2439 711 2500 Alcmena
739 2447 769 2501 et
792 2439 929 2500 llerculis
959 2439 1030 2519 lilia,
1058 2439 1221 2518 Eurysthei
1250 2443 1355 2500 timore

180 2541 329 2620 commoti,
355 2539 580 2621 Atheniensium
603 2539 743 2600 auxilium
767 2537 941 2616 implorent,
966 2536 1018 2595 sed
1043 2555 1107 2597 eam
1132 2537 1262 2597 tabulam
1287 2557 1356 2618 uon,

180 2641 215 2694 ut
237 2636 329 2714 aiant,
353 2655 368 2696 a
393 2635 544 2714 Pamphilo
567 2637 690 2717 pictam,
714 2636 766 2697 sed
789 2633 966 2714 Apollodoro
991 2631 1181 2694 tribuendam
1206 2653 1281 2695 esse.

270 2731 327 2792 Sed
347 2734 520 2811 priusquam
540 2751 620 2794 nunc
639 2733 787 2794 disserere
811 2750 941 2812 pergam,
964 2739 997 2790 ut
1020 2749 1055 2791 ca
1079 2751 1167 2810 quam
1191 2750 1355 2811 proponam

179 2831 388 2910 interpretatio
409 2829 446 2890 ab
470 2830 711 2892 aduersariorum
734 2828 969 2891 dubitationibus
993 2836 1057 2888 tuta
1081 2830 1145 2909 fiat,
1173 2847 1274 2889 meum
1298 2833 1356 2891 erit

178 2945 212 2986 ea
232 2929 432 3008 praemittere,
456 2927 564 3006 quihus
583 2928 702 2989 demum
725 2929 897 3007 praemissis
921 2943 955 2986 ea
980 2944 1067 3005 quam
1092 2928 1265 3005 prolaturus
1289 2947 1355 2988 sum

178 3026 324 3085 sententia
348 3043 383 3085 ex
408 3025 459 3086 illo
480 3026 593 3088 scholio
617 3027 751 3105 exsculpi
774 3027 892 3106 poterit.
939 3024 1101 3096 Quaeritur
1125 3028 1227 3106 igitur,
1253 3036 1355 3087 utrum

176 3121 347 3200 Pamphilus
384 3133 470 3201 poeta
503 3126 593 3186 luerit
625 3143 662 3184 an
695 3128 801 3204 pictor.
856 3123 979 3184 Poetam
1017 3140 1086 3184 eum
1120 3141 1181 3184 nou
1214 3125 1306 3185 luisse
1340 3144 1356 3184 e

176 3219 343 3280 didascaliis
369 3224 516 3302 arguitur,
550 3241 567 3282 e
595 3222 705 3302 quihus
733 3241 808 3300 quae
837 3223 1047 3302 proferuntur,
1081 3239 1114 3282 ea
1145 3240 1266 3300 semper
1298 3222 1356 3282 lide

176 3316 347 3396 dignissima
371 3335 437 3379 esse
460 3321 577 3398 pridem
600 3329 717 3381 constat
740 3321 819 3380 inter
842 3323 926 3379 uiros
945 3319 1059 3379 doctos.
1101 3319 1241 3381 Pictorne
1265 3322 1357 3399 igitur

176 3415 268 3474 luisse
296 3415 445 3492 putandus
472 3415 552 3480 erit?
604 3419 642 3478 At
674 3436 712 3479 ue
740 3419 781 3478 ita
810 3418 931 3495 quidem
965 3425 1096 3490 statuere
1130 3418 1201 3479 licet
1234 3435 1270 3478 ex
1304 3418 1357 3496 eis,

174 3531 250 3591 quae
274 3512 431 3573 scholiasta
454 3517 605 3597 exposuit,
629 3533 697 3578 nam
717 3535 793 3596 quae
814 3517 928 3576 exstitit
948 3514 1173 3575 heraclidarum
1194 3513 1303 3593 tabula,
1323 3531 1356 3573 ea

174 3627 233 3670 non
252 3608 407 3691 Pamphili,
431 3612 482 3671 sed
506 3612 678 3692 Apollodori
703 3615 767 3676 luit.
805 3613 908 3692 ltaque
933 3615 960 3673 si
983 3611 1172 3672 scholiastam
1193 3612 1357 3690 sequimur,

174 3725 229 3768 nec
252 3718 340 3786 poeta
359 3707 529 3786 Pamphilus
555 3711 611 3771 luit
635 3729 733 3790 neque
757 3714 864 3790 pictor.
902 3710 961 3771 Sed
987 3727 1146 3788 quemnam
1168 3707 1252 3770 illum
1272 3706 1356 3767 Pam-

171 3805 285 3884 philum
322 3806 414 3866 luisse
448 3803 648 3885 putabimus?
702 3808 879 3870 Welcherus
915 3802 1054 3892 (Griech.
1089 3807 1177 3887 Trag.
1217 3825 1245 3884 p.
1277 3797 1356 3886 710)

172 3903 377 3964 difficultatem
400 3921 518 3964 omnem
543 3905 649 3965 tollere
673 3907 731 3968 sihi
756 3910 839 3967 uisus
864 3915 909 3966 est
932 3904 1118 3984 Pamphilum
1144 3909 1272 3966 tortasse
1299 3920 1358 3962 non

171 4001 292 4080 quidem
315 4009 432 4079 poetam
456 4007 612 4083 tragicum,
636 4005 688 4066 scd
713 4005 891 4066 histrionem
915 4004 1008 4064 luisse
1033 4001 1226 4082 coniciendo,
1251 4001 1358 4076 quiin

171 4097 336 4160 Heraclidis
360 4099 456 4160 labula
479 4099 642 4178 Euripidea
671 4107 785 4184 primas
810 4113 910 4181 partes
936 4100 1009 4161 male
1035 4103 1146 4180 egisset
1172 4097 1302 4176 ideoque
1327 4099 1358 4156 in

169 4197 375 4276 Aristophanis
406 4197 506 4259 odium
541 4199 737 4281 incurrisset3
770 4217 858 4280 quam
892 4199 1070 4260 senteutiam
1102 4199 1251 4278 arripuit.
1269 4197 1358 4256 etiam

170 4293 273 4354 Brunn
297 4295 328 4354 iu
352 4291 428 4353 libro
447 4293 497 4356 illo
516 4295 727 4380 celeberrimo,
752 4299 801 4360 cui
820 4299 998 4376 inscriptum
1019 4303 1077 4357 est:
1102 4292 1287 4357 Geschichte
1307 4294 1361 4354 der

168 4390 375 4470 griechischen
399 4389 550 4455 lldnstler.
599 4393 658 4453 Sed
689 4415 727 4458 ne
757 4413 836 4457 nunc
865 4411 985 4475 quoque
1016 4395 1056 4453 ita
1080 4401 1265 4470 statuamus,
1293 4409 1361 4470 pro-

169 4487 308 4550 hibemur
331 4490 420 4550 credo
444 4491 541 4553 titulis
565 4493 619 4572 eis,
643 4513 721 4574 quos
741 4491 853 4573 publici
872 4493 949 4553 iuris
968 4491 1040 4552 lecit
1059 4489 1231 4554 llochlerus
1254 4491 1284 4550 in
1309 4507 1359 4548 au·
