3246 5250
776 414 996 478 ..82-

300 568 500 631 dubitationes
527 573 591 633 illas
621 575 656 633 de
684 573 770 633 Pluto
799 577 899 652 priore
929 576 964 635 ad
990 575 1145 655 Didymum
1171 575 1277 635 relatas
1302 591 1380 654 esse,
1405 589 1479 632 cnm

300 684 359 726 non
383 668 470 728 modo
490 671 645 749 explicatio
665 669 712 730 illa
732 671 768 730 de
788 671 972 751 Thrasybulo
992 673 1191 752 Dionysioqne
1211 689 1335 751 prorsus
1354 669 1481 748 absona,

299 764 351 824 sed
377 773 471 826 totum
495 767 551 826 hoc
575 785 694 846 quoque
719 767 873 848 scholium,
901 774 1037 848 quamuis
1061 771 1195 831 diuersas
1220 771 1382 831 sententias
1406 785 1481 826 con-

299 864 407 942 linens,
431 881 446 921 e
470 862 585 942 Didymi
610 867 831 925 commentariis
855 866 1024 927 deriuatum
1047 871 1093 928 sit.
1141 868 1197 928 Sed
1222 867 1279 927 hoc
1303 869 1359 926 iam
1384 883 1482 943 supra

299 962 370 1019 satis
394 960 627 1021 demonstratum
650 970 704 1040 est,
728 963 827 1041 itaque
852 967 951 1024 statim
975 965 1010 1024 ad
1034 965 1063 1024 id
1084 968 1210 1026 transire
1230 964 1300 1025 licet
1318 962 1481 1042 agendum,

299 1059 376 1136 quod
397 1061 505 1118 summi
525 1062 667 1119 momenti
686 1067 740 1139 est,
764 1071 806 1141 ut,
826 1064 891 1139 quis
912 1064 1002 1123 luerit
1020 1064 1069 1124 ille
1089 1065 1270 1143 Apollonius
1294 1065 1322 1120 in
1348 1062 1481 1121 clariore

298 1155 364 1215 luce
393 1175 508 1234 ponam.
556 1157 831 1217 Commemorantur
860 1163 938 1219 enim
968 1180 1018 1220 sex
1043 1165 1073 1222 in
1104 1154 1224 1220 scholiis
1248 1159 1481 1236 Aristophaneis

297 1253 454 1334 Apollonii,
478 1273 604 1332 quorum
629 1256 832 1332 quaerendum
857 1255 1026 1317 est'utrum
1056 1276 1134 1318 unus
1158 1275 1194 1316 au
1227 1255 1395 1334 complures
1418 1253 1481 1312 hoc

297 1350 362 1409 loco
386 1352 518 1429 intellegi
540 1355 666 1432 possint..

388 1449 485 1509 Semel
515 1450 652 1510 laudatur
676 1449 848 1528 Apollonius
872 1453 907 1533 is,
935 1455 983 1512 cui
1014 1469 1178 1531 cognomen
1204 1451 1259 1509 luit
1282 1449 1482 1527 lehunensi,

299 1545 388 1606 schol.
419 1547 488 1606 nub.
518 1545 591 1608 408.
639 1547 721 1617 Qiiae
750 1556 849 1607 autem
876 1548 918 1609 ihi
947 1548 1087 1628 leguntur
1114 1547 1221 1608 uerba:
1254 1542 1481 1606 ’Διασίοισιν

298 1635 395 1722 ἑορτὴ
416 1636 577 1723 Ἀθήνησι
596 1643 777 1723 Μειλιχίου
801 1638 887 1718 Διός
913 1693 997 1708 ....
1018 1637 1241 1715 Ἀπολλώνιος
1264 1635 1300 1702 δὲ
1324 1632 1342 1703 ὁ
1363 1633 1482 1722 Ἀχαρ-

297 1733 377 1813 νεὺς
389 1733 430 1800 τὰ
447 1733 572 1800 Διάσια
592 1738 755 1818 διακρίνει
774 1733 839 1804 ἀπὸ
858 1740 917 1821 τῆς
939 1741 1000 1804 τοῦ
1020 1741 1201 1821 Μειλιχίου
1227 1735 1350 1818 ἑορτῆς,
1375 1752 1483 1819 προσ-

299 1833 522 1918 αγορεύεσθαι
546 1829 629 1899 αὐτὰ
658 1834 779 1919 λέγων,
807 1833 959 1919 καθάπερ
982 1837 1071 1914 τινές
1094 1853 1210 1920 φασιν,
1236 1827 1380 1897 ἀπὸτοῦ
1406 1834 1480 1896 ιλια-

298 1944 419 2015 φυγεῖν
434 1927 557 2006 αύτούς
572 1926 684 2014 εὐχαῖς
698 1927 757 2007 τὰς
772 1929 877 2016 ἐίσας,
893 1957 927 1998 ea
946 1941 1124 2000 senteutiam
1144 1943 1276 1996 nostram
1291 1953 1326 1994 eo
1341 1935 1477 2013 dirigere

299 2035 453 2114 uidentur,
482 2043 514 2094 ut
542 2051 609 2092 eum
645 2034 770 2092 sortasse
803 2033 982 2113 singularem
1011 2029 1086 2116 περὶ
1119 2030 1244 2114 ἑορτῶν
1277 2032 1387 2092 librum
1419 2051 1481 2092 nec

299 2134 543 2193 commentarium
567 2130 816 2208 Aristophaneum
845 2135 1001 2211 scripsisse
1029 2141 1182 2213 putemus,
1213 2133 1261 2190 cui
1285 2133 1480 2190 coniecturae

298 2228 374 2289 haud
400 2231 461 2289 scio
486 2248 521 2288 an
546 2227 704 2288 subueniat
727 2227 870 2290 Athenaei
892 2230 941 2290 lib.
965 2231 989 2288 V
1013 2251 1039 2310 p.
1066 2228 1127 2291 191
1141 2229 1172 2289 F.

389 2327 486 2388 Semel
502 2326 607 2386 deinde
627 2327 690 2404 ipse
711 2344 829 2404 quoque
849 2327 985 2388 laudatur
999 2327 1173 2407 Apollonius
1189 2327 1225 2405 is,
1244 2327 1297 2404 qui
1311 2323 1481 2385 uocabatur

299 2417 316 2485 ὁ
347 2418 490 2498 Μόλωυ;
526 2424 577 2484 sed
613 2442 650 2484 ne
682 2423 763 2483 hunc
794 2427 913 2502 quidem
946 2426 1192 2486 commentarium
1225 2422 1480 2499 Aristophaneum

299 2524 502 2601 composuisse
531 2541 565 2581 ex
594 2523 667 2599 ipsis
696 2520 801 2580 scholii
828 2523 862 2582 ad
894 2523 963 2584 nuh.
990 2520 1053 2584 144
1081 2521 1183 2582 uerhis
1213 2520 1246 2579 fit
1270 2519 1480 2580 manifestum:

299 2617 512 2698 Χαιρεφῶντι
544 2613 600 2678 καὶ
633 2609 653 2696 ἡ
689 2617 808 2679 Πυθία
851 2616 945 2681 δοκεῖ
974 2612 1036 2681 τὸν
1071 2612 1147 2698 περὶ
1177 2614 1239 2678 τοῦ
1271 2608 1482 2696 Σωκράτους

298 2709 449 2797 χρησμὸν
478 2715 597 2777 εἰπεῖν·
622 2707 731 2795 σοφός
752 2718 819 2776 κτλ.
847 2716 969 2780 τοῦτον
991 2708 1212 2786 Ἀπολλώνιος
1236 2705 1254 2775 ὁ
1277 2707 1409 2776 Μόλων
1435 2711 1480 2775 ἐν

298 2812 348 2899 τῷ
371 2806 465 2875 κατὰ
489 2807 727 2894 φιλοσόφων
750 2808 917 2887 ἐψεῦσθαί
933 2829 1025 2895 φησι.

388 2912 429 2972 Ao
458 2932 494 2972 ne
528 2911 661 2972 Rhodius
689 2911 808 2989 quidem
837 2913 1009 2992 Apollonius
1038 2912 1283 2974 commentarium
1317 2911 1479 2988 scripsisse

300 3010 432 3090 uidetur,
457 3013 525 3088 quia
553 3009 604 3070 uhi
627 3009 774 3089 laudatur,
804 3011 913 3071 iccirco
938 3019 1052 3071 tantum
1076 3009 1222 3089 laudatur,
1246 3015 1280 3068 ut
1303 3006 1415 3066 similes
1441 3026 1480 3068 ex

300 3111 365 3168 eius
387 3110 595 3187 Argonauticis
619 3106 676 3166 loci
699 3106 868 3167 afferantur.

389 3207 519 3277 Quartus
542 3209 620 3266 inter
645 3204 751 3270 horum
776 3205 910 3267 uirorum
933 3207 1088 3266 doctorum
1108 3205 1317 3283 cognominum
1338 3201 1479 3262 ordinem

300 3313 345 3365 est
369 3303 540 3382 Apollonius
569 3302 720 3381 Dyscolus.
767 3303 839 3365 Nam
869 3322 1085 3382 quamquama
1117 3301 1285 3362 scholiastis
1303 3301 1362 3360 nisi
1386 3298 1478 3378 Apol-

299 3401 397 3462 lonius
421 3403 596 3481 cognomine
616 3403 725 3461 ourisso
744 3420 803 3462 non
828 3400 1000 3482 appellatur,
1023 3407 1122 3460 tamen
1146 3398 1281 3460 adhunc
1305 3406 1368 3457 tres
1390 3397 1478 3457 locos

300 3500 473 3560 referendos
502 3518 567 3560 esse
596 3507 717 3577 apparet
749 3518 785 3558 ex
818 3517 921 3559 eorum
954 3501 1017 3578 ipsa
1048 3499 1179 3558 materia.
1224 3495 1290 3555 lluc
1322 3495 1481 3572 pertinent

300 3597 390 3658 schol.
414 3597 491 3658 Plut.
514 3593 585 3658 103.
623 3595 694 3656 Rau.
715 3593 789 3658 826.
829 3597 883 3677 Eq.
903 3595 954 3658 22.
992 3596 1050 3657 Sed
1070 3599 1135 3656 eius
1155 3595 1380 3656 obseruationes
1397 3610 1477 3670 quae

299 3692 458 3756 laudantur
481 3695 554 3755 tales
577 3702 655 3768 sunt,
679 3703 712 3756 ut
736 3694 820 3755 facile
845 3712 880 3754 ex
904 3697 969 3754 eius
988 3702 1052 3753 arte
1073 3693 1263 3772 grammatica
1282 3689 1477 3769 depromptas

300 3810 350 3852 eas
378 3812 443 3854 esse
477 3794 646 3852 existimare
675 3791 761 3852 liceat
789 3811 885 3870 neque
913 3811 982 3853 eum
1010 3791 1191 3870 peculiarem
1225 3788 1477 3850 commentarium

300 3890 549 3971 Aristophaneum
574 3891 788 3966 conscripsisse
811 3899 917 3968 putare
940 3909 1016 3969 opus
1040 3892 1086 3952 sit.

389 3989 449 4050 lam
481 3996 595 4049 restant
628 3988 865 4065 quattuordecim
898 3988 1079 4049 scholiorum
1111 3987 1183 4066 loci,
1215 3985 1267 4046 uhi
1299 3981 1478 4062 Apollonius

300 4086 429 4166 quidam,
453 4095 483 4147 et
506 4104 592 4166 unus,
616 4084 668 4146 uhi
687 4084 859 4164 Apollonius
878 4084 1031 4146 Chaeridis
1051 4091 1309 4145 commemoratur.
1347 4079 1404 4140 llio
1423 4080 1478 4141 ille

299 4184 377 4244 idem
406 4203 471 4244 esse
500 4192 587 4264 atque
616 4183 665 4244 hic
688 4183 861 4264 putabatur3
889 4183 941 4244 sed
965 4183 1099 4244 funditus
1129 4181 1205 4241 hanc
1230 4181 1400 4258 opinionem
1424 4196 1477 4239 ex·

300 4283 438 4361 stirpauit
461 4281 533 4360 Aug.
557 4281 638 4361 Blau,
662 4280 698 4339 de
721 4279 885 4340 Aristarchi
909 4280 1062 4361 discipulis
1085 4298 1112 4359 p.
1137 4276 1180 4339 55
1204 4297 1247 4362 sq.
1289 4276 1376 4336 Hunc
1399 4274 1476 4336 nihil

300 4381 357 4438 nisi
377 4381 621 4440 commentarium
640 4380 671 4438 in
695 4377 816 4440 lliadem
840 4382 1043 4458 composuisse
1062 4379 1147 4456 argui
1166 4384 1278 4456 potest3
1301 4382 1404 4434 contra
1423 4372 1474 4434 ille

300 4479 464 4539 certissime
489 4479 545 4538 luit
568 4478 594 4536 is
618 4485 842 4558 commentatur,
865 4496 955 4556 quem
978 4481 1035 4538 iam
1059 4477 1109 4537 diu
1134 4476 1357 4553 inuestigamus.
1398 4469 1474 4532 Nam
