3246 5250
765 365 983 428 „95-

287 532 355 609 qnia
371 547 438 589 cum
454 531 497 589 eis
513 531 666 589 coniunxit
679 528 778 587 locum
798 525 923 586 similem
943 545 977 586 ex
993 527 1196 606 Etymologico
1211 526 1314 604 Magno
1334 528 1460 604 petitum

287 629 337 706 qui
353 635 398 686 est
415 623 486 708 198,
505 622 562 688 57:
586 619 680 704 βλάξ·
701 617 719 687 δ
740 617 866 704 εὐήθης
885 618 940 684 καλ
954 615 1057 705 άργὸς
1075 618 1129 685 καὶ
1147 615 1300 703 ἀνόητος·
1318 614 1461 700 Ἀριστο-

286 715 397 804 φάνης
415 717 534 800 βλάνιες
553 721 703 802 φνγεροί.
744 721 776 780 ld
801 730 908 803 autem,
933 724 1020 806 quod,
1045 726 1217 802 priusquam
1241 722 1322 781 hunc
1341 721 1460 800 Etpmo·

286 821 374 899 logici
392 819 489 898 Magni
508 820 606 881 locum
622 839 691 881 cum
706 822 920 880 Antiatticistae
936 821 1037 881 uerbis
1051 824 1255 901 coniungeret,
1274 818 1460 898 probandum

287 925 365 999 erat,
393 920 549 996 utriusque
578 921 734 996 scriptoris
763 916 854 976 uerba
883 917 919 976 ad
948 918 1075 978 eundem
1102 918 1308 998 Aristophanis
1337 934 1461 976 uersum
1494 965 1498 972 .

286 1016 442 1076 reserenda
472 1035 551 1098 esse,
581 1015 712 1075 llockius
741 1015 841 1074 nescio
866 1032 922 1093 qua
950 1015 986 1075 de
1010 1035 1098 1077 causa
1122 1035 1181 1077 non
1205 1014 1352 1095 probauit,
1397 1013 1461 1073 Hoc

286 1123 386 1174 autem
405 1132 440 1173 eo
459 1115 551 1192 magis
571 1113 756 1191 probandum
777 1114 805 1171 ei
823 1113 888 1194 luit,
908 1114 986 1192 quod
1006 1117 1069 1194 ipse
1088 1114 1220 1174 lloclrius
1240 1130 1328 1191 quam
1346 1110 1461 1172 lubrica

287 1212 354 1272 talis
378 1210 653 1288 coniungendorum
675 1213 723 1270 uia
744 1211 975 1288 fragmentorum
996 1219 1084 1292 esset,
1107 1210 1185 1270 haud
1204 1212 1368 1290 ignoraret3
1392 1227 1461 1268 con·

287 1311 397 1369 iunctis
417 1311 495 1368 enim
516 1306 632 1368 duobus
651 1307 724 1367 locis
743 1307 870 1367 Pollucis
897 1305 946 1390 10,
962 1305 1026 1369 Χ63ε
1050 1298 1213 1389 ἀρύταινα
1235 1353 1243 1368 .
1262 1356 1269 1369 .
1289 1355 1295 1366 .
1317 1297 1462 1388 Ἀριστο-

289 1401 420 1486 φάνονς
438 1398 605 1477 εἰπόντος·
629 1395 794 1483 βαλανεὺς
814 1397 846 1464 δ’
868 1395 954 1466 ὠθεῖ
970 1413 1042 1479 ταῖς
1061 1397 1254 1486 άρνταίναις
1274 1413 1303 1464 et
1321 1404 1462 1463 Moeridis

289 1501 361 1586 192,
387 1500 445 1565 13:
470 1494 635 1581 βαλανεὺς
657 1493 746 1579 παρὰ
769 1497 929 1564 Πλάτωνι
947 1498 1002 1564 καὶ
1024 1495 1255 1584 Ἀριστοφάνει
1276 1503 1463 1581 Πελαργοῖς

285 1603 349 1680 ipse
378 1599 523 1682 Aeolius,
551 1603 657 1680 pagina
685 1600 872 1661 antecedenti
900 1602 936 1662 lr.
960 1598 1040 1684 435,
1068 1604 1229 1662 concessit:
1262 1596 1461 1678 ‘nequaquam

287 1709 386 1758 tamen
415 1708 530 1758 certum
559 1716 624 1758 esse
654 1697 688 1757 ad
713 1696 853 1776 Pelargos
877 1708 972 1759 totum
996 1718 1118 1760 uersum
1143 1692 1315 1778 pertinere?
1361 1696 1462 1756 Donec

285 1798 377 1874 igitur
396 1797 612 1856 Antiatticistae
637 1804 667 1855 et
686 1795 882 1874 Etymologici
905 1797 1001 1875 Magni
1024 1796 1119 1856 uerba
1143 1796 1178 1855 ad
1203 1797 1329 1857 eundem
1349 1795 1462 1855 Aristo·

286 1895 390 1972 phanis
414 1912 537 1954 uersum
561 1896 711 1972 pertinere
736 1911 795 1952 non
819 1895 975 1972 probatum
1000 1897 1065 1976 erit,
1089 1893 1222 1954 tamdiu
1246 1893 1319 1953 mihi
1342 1911 1462 1971 quoque

286 1993 343 2051 hoo
373 1992 537 2070 fragmento
567 1992 639 2052 nihil
663 1992 699 2051 dc
728 1990 844 2051 duabus
868 1990 963 2052 Plutis
987 1993 1074 2051 etiam
1104 2001 1173 2070 post
1194 1991 1463 2052 Alexandrinorum

286 2098 413 2149 aetatem
437 2089 649 2168 superstitibus
672 2089 820 2167 prolatum
844 2106 909 2148 esse
933 2088 1072 2148 arbitrari
1095 2086 1203 2148 licebit.

379 2185 407 2262 ἓ.
434 2183 483 2247 13.
521 2186 662 2246 Venimus
686 2205 765 2245 nunc
789 2185 824 2244 ad
848 2186 1047 2264 fragmentum
1069 2182 1144 2245 444.
1186 2184 1307 2263 Triplex
1331 2195 1376 2245 est
1397 2189 1463 2247 eius

285 2289 436 2346 memoria.
482 2284 615 2344 Primum
642 2287 672 2345 in
701 2284 830 2344 Belleri
857 2283 1017 2343 Anecdotis
1044 2273 1291 2352 aCho‘erobosoo
1321 2303 1349 2362 p.
1375 2281 1462 2345 1380

286 2387 325 2444 ita
354 2384 510 2444 traditum:
539 2381 657 2463 ἔχομεν
685 2374 747 2461 τὴν
774 2379 894 2462 χρῆσιν
922 2377 983 2441 τοῦ
1011 2365 1066 2460 ’ἦν
1095 2371 1170 2458 ἔνιά
1198 2372 1288 2458 παρὰ
1316 2373 1463 2458 Ἀριστο-

286 2472 386 2561 φάνει
414 2476 450 2541 ἐν
475 2473 618 2564 Πλούτφ
644 2528 649 2538 .
674 2526 681 2539 .
705 2525 712 2540 .
735 2473 790 2540 καλ
818 2471 907 2557 παρὰ
937 2471 1130 2561 Μενάνδρῳ
1160 2473 1196 2537 ἐν
1224 2474 1270 2562 τῷ
1302 2474 1461 2561 Γεωργῷ·

285 2563 329 2658 ἦν
358 2569 389 2638 δ’
416 2569 458 2637 οὐ
485 2571 632 2656 πονηρὸς
661 2567 732 2636 οὐδ
758 2569 910 2638 ἐδόκουν.
951 2575 1030 2634 Haec
1058 2575 1157 2634 omnia
1185 2572 1261 2633 hene
1286 2593 1317 2633 se
1340 2573 1461 2634 habent.

269 2675 330 2734 «Ex
355 2674 489 2753 exemplo
513 2677 593 2734 enim
615 2673 795 2734 Menandreo
819 2674 942 2734 lormam
966 2672 1055 2754 illam,
1080 2689 1155 2750 quae
1179 2680 1225 2732 est
1247 2657 1302 2751 ἦν,
1327 2691 1343 2732 a
1366 2672 1462 2732 uerbo

287 2771 474 2832 substantiuo
503 2772 667 2833 deriuatam
700 2791 765 2832 esse
798 2772 909 2853 elucet3
942 2770 1014 2831 nihil
1046 2772 1137 2848 igitur
1170 2769 1248 2829 aliud
1282 2770 1463 2849 relinquitur

290 2871 349 2928 nisi
372 2878 405 2929 ut
428 2869 505 2946 apud
529 2869 755 2949 Aristophanem
780 2887 898 2949 quoque
921 2868 998 2928 hanc
1022 2868 1145 2927 formam
1169 2866 1256 2927 uerbi
1279 2866 1462 2927 substantiui

287 2985 352 3025 esse
381 2975 528 3045 putemus
579 2966 658 3026 Haec
687 2976 786 3026 autem
817 2968 910 3026 lorma
939 2969 969 3025 in
1002 2963 1089 3024 Pluto
1118 2962 1332 3041 Aristophaneo
1365 2971 1463 3025 exstat

287 3083 385 3143 neque
410 3063 501 3124 semel
525 3063 631 3144 solum,
654 3065 704 3123 sed
732 3072 776 3123 ter
800 3066 961 3124 inuenitur.
1009 3060 1085 3121 Sunt
1108 3078 1216 3120 uersus

420 3203 477 3266 29:
501 3199 564 3284 ἐγὼ
599 3201 762 3285 θεοσεβὴς
798 3200 852 3266 καὶ
886 3204 1014 3277 δίκαιος
1046 3193 1094 3264 oio
1129 3192 1216 3283 άνηρ

499 3300 607 3375 κακῶς
630 3301 791 3378 ἔπραττον
810 3297 865 3364 καὶ
887 3300 989 3380 πένης
1007 3285 1059 3379 ἦν.
1078 3333 1122 3342 -
1146 3291 1223 3361 οἶδά
1246 3318 1307 3360 τοι.

398 3398 477 3462 659:
500 3392 599 3461 ἔπειτ’
627 3393 739 3479 ἐπειδὴ
763 3390 881 3479 μεστὸς
903 3385 957 3478 ἦν,
977 3389 1222 3477 ἀνεπαλλόμην.

399 3498 478 3562 822:
503 3492 558 3579 ἐμὲ
583 3490 613 3559 δ’
640 3493 818 3578 ἐξέπεμψεν
843 3488 860 3558 ὁ
883 3488 1022 3568 καπνός·
1051 3485 1112 3576 οὐχ
1141 3483 1212 3567 οἷός
1233 3514 1268 3555 τε
1291 3488 1356 3576 γάρ

501 3593 601 3656 ἔνδον
624 3590 737 3675 μένειν
760 3580 813 3676 ἦν.

376 3743 473 3818 Atque
507 3740 577 3800 hnic
610 3737 809 3798 Choerobosci
845 3736 1007 3797 uerborum
1037 3736 1277 3813 interpretationi
1310 3738 1463 3796 succurrit

289 3842 376 3900 etiam
396 3836 476 3897 aliud
495 3838 698 3896 testimoninm
718 3854 754 3894 ex
773 3834 975 3913 Etymologico
990 3831 1096 3910 Magno
1116 3832 1300 3914 decerptum,
1318 3831 1371 3892 ubi
1389 3835 1462 3893 item

288 3938 382 3997 torma
406 3920 449 4014 ἦν
472 3953 489 3994 a
511 3933 605 3994 uerbo
634 3934 831 4015 substantiuo,
856 3952 913 3992 non
938 3931 974 3991 ah
1002 3920 1064 4009 ἠμί
1084 3929 1246 3989 deriuanda
1271 3936 1325 3990 est.
1363 3929 1462 3990 Locus

288 4044 334 4094 est
356 4033 405 4092 hic
424 4029 499 4114 431,
521 4028 559 4093 11
581 4049 660 4110 sqq.:
684 4017 742 4110 τ’,νι
767 4021 831 4091 άπὸ
855 4026 916 4091 τοῦ
940 4027 994 4106 ἔω,
1018 4025 1096 4104 ἕεις,
1116 4025 1174 4086 ἔει·
1198 4016 1216 4086 δ
1240 4020 1463 4107 παρατατιιιὸς

287 4117 362 4210 ᾖον,
385 4114 451 4208 ἧος,
470 4114 544 4209 ἦεν·
567 4122 622 4188 καὶ
640 4130 747 4210 τροπῇ
765 4125 827 4189 τοῦ
850 4134 870 4208 η
891 4121 946 4187 καλ
965 4129 990 4204 ὲ,
1014 4115 1166 4204 ἢκράσει
1185 4119 1232 4197 εἰς
1251 4120 1357 4187 ἐκεῖνο
1377 4117 1460 4186 αὐτὸ

289 4220 324 4288 τὸ
340 4237 373 4307 η,
391 4226 519 4307 γίνεται
536 4212 592 4307 ἦν·
617 4218 729 4305 ἐπειδὴ
749 4217 786 4287 τὸ
806 4226 916 4305 μεῖζον
937 4218 975 4286 τὸ
995 4221 1132 4283 ε”λαττον
1151 4211 1330 4298 ἀναλίσκει,
1349 4214 1462 4303 ὥσπερ

287 4323 327 4407 τῇ
351 4320 423 4407 ἐμῇ,
446 4316 532 4406 τήμῇ
557 4374 563 4388 .
589 4372 595 4385 .
619 4371 627 4387 .
649 4317 686 4386 τὸ
710 4316 771 4404 μὲν
795 4310 850 4404 ’ἦν
879 4315 954 4403 ἔνιά
983 4313 1087 4401 παρὰ
1112 4311 1389 4400 Ἀριστοφάνει
1419 4317 1462 4384 ἐν

292 4416 471 4508 Πλούτῳ,
508 4421 635 4502 γίνεται
669 4413 783 4497 οὕτως.
828 4415 943 4484 Ἔστιν
981 4417 1060 4500 εἰμι’·
1093 4408 1111 4479 ὁ
1144 4412 1365 4502 παρατατιιιὸς
1397 4410 1462 4500 εἶν,
