3246 5250
636 410 855 474 ...81-

251 573 272 632 1.
311 572 404 634 Discat
427 591 531 652 agmen
555 571 701 633 scholium
725 571 760 631 ad
785 589 813 630 u.
837 566 909 630 173.
952 569 991 629 lle
1012 588 1071 648 quo
1090 587 1165 649 quae
1184 569 1336 629 enucleari

152 679 294 750 possunt,
317 669 477 749 lugendum
497 679 551 751 est,
574 669 654 748 quod
673 670 849 749 paucissima
874 676 955 728 sunt.
992 666 1073 738 Qirae
1092 670 1171 728 enim
1194 666 1231 726 de
1251 685 1335 727 exer-

153 769 220 829 eitu
250 767 300 828 illo
325 770 530 829 mercennario
559 768 656 846 deque
680 766 757 827 bello
780 765 967 825 Corinthiaco
991 771 1164 846 narrantur,
1194 782 1227 823 ea
1255 764 1333 824 hand

157 866 225 924 scio
259 883 296 924 an
330 865 364 924 ad
398 865 607 927 Philochorum
639 863 794 924 reserenda
823 865 895 943 sint,
928 881 1016 940 quem
1049 864 1085 923 de
1118 854 1335 943 στρατεύματι

155 957 279 1044 ξενικῷ
304 955 341 1021 ἐν
365 962 527 1046 Κορίνθῳ
557 963 725 1022 accuratius
753 962 849 1039 egisse
873 959 1067 1039 Harpocratio
1096 979 1118 1021 s.
1142 979 1171 1022 u.
1205 952 1336 1034 ξενικὸν

154 1054 195 1120 ἐν
211 1059 377 1143 Κορίνθῳ
393 1063 552 1121 memoriae
566 1060 705 1138 prodidit.
732 1058 774 1119 lbi
790 1061 869 1119 enim
885 1061 995 1139 scripta
1010 1060 1165 1138 leguntur:
1179 1050 1337 1137 συνεστή-

153 1171 241 1218 σατο
271 1146 303 1216 d'
329 1147 410 1219 αὐτὸ
438 1156 571 1238 πρῶτον
599 1150 741 1234 Κόνων,
768 1152 933 1236 παρέλαβε
967 1148 998 1216 d'
1029 1148 1111 1218 αὐτὸ
1137 1148 1336 1237 Ἰφικράτης,

152 1245 304 1333 ὕστερον
323 1249 378 1315 καὶ
398 1256 559 1337 Χαβρίας·
579 1239 606 1340 ᾧ
625 1247 829 1334 χρησάμενοι
844 1246 909 1333 τὴν
930 1252 1207 1334 Λακεδαιμονίων
1226 1247 1337 1333 μόραν

154 1347 350 1424 κατέκοψαν
365 1351 630 1434 στρατηγοῦντος
644 1341 758 1424 αὐτοῖς
766 1343 975 1432 Ἰφικράτους
984 1346 1039 1412 καὶ
1050 1351 1210 1414 Καλλίου.
1230 1350 1338 1421 Quam·

156 1467 250 1528 quam
282 1453 360 1510 enim
388 1470 447 1511 non
474 1453 564 1512 nimis
586 1449 678 1510 multa
706 1451 785 1510 inter
808 1448 865 1509 hoc
887 1449 1059 1510 Philochori
1086 1450 1285 1528 fragmentum
1309 1454 1338 1506 et

156 1545 311 1607 scholium
340 1546 411 1608 illud
440 1549 634 1627 conueniunt,
664 1555 760 1606 tamen
785 1545 837 1606 ubi
860 1565 957 1624 neque
981 1547 1030 1607 hic
1053 1565 1151 1626 neque
1173 1545 1234 1606 illic
1258 1561 1339 1604 mera

156 1643 335 1705 Philochori
353 1646 445 1707 uerba
464 1656 582 1707 seruata
606 1662 672 1704 esse
692 1646 890 1726 reputaueris,
913 1646 1038 1705 fortasse
1061 1644 1167 1705 scholii
1186 1653 1340 1706 auctorem

155 1761 196 1802 ex
220 1741 393 1805 Philochori
416 1744 535 1806 Atthide
560 1761 612 1803 sua
635 1741 770 1803 hausisse
794 1751 900 1819 putare
920 1742 997 1822 lieet,
1020 1745 1200 1822 praesertim
1226 1747 1251 1804 si
1275 1747 1342 1824 quis

156 1840 421 1924 animaduerterit,
448 1861 536 1922 quam
564 1861 653 1921 saepe
682 1839 792 1900 scholia
819 1838 1033 1918 Aristophanea
1062 1841 1098 1900 ad
1126 1839 1342 1902 Philochorum

158 1948 330 1999 recurrant.
368 1940 425 2000 Sed
445 1943 515 2002 siue'
529 1939 701 2000 Philochori
719 1939 784 1998 siue
803 1936 878 1997 alius
895 1940 1051 2016 scriptoris
1065 1946 1137 1999 sunt
1151 1938 1227 2000 haec
1241 1940 1343 2021 uerba,

158 2047 246 2097 certe
271 2036 307 2095 ab
330 2056 365 2098 eo
388 2050 510 2099 auctore
534 2040 697 2118 composita
721 2045 799 2115 sunt,
824 2036 875 2112 qni
898 2035 934 2094 de
955 2045 1122 2115 temporum
1142 2037 1251 2097 ordine
1271 2041 1343 2099 satis

159 2133 291 2194 edoctus
309 2147 395 2196 esset.
436 2136 634 2198 Nihilominus
657 2138 716 2194 iam
735 2152 750 2192 a
772 2134 876 2210 primis
894 2132 1101 2213 Aristophanis
1120 2135 1342 2215 interpretibus

159 2250 196 2292 ea
221 2242 360 2312 excerpta
380 2243 410 2294 et
432 2237 463 2294 in
483 2235 712 2296 commentarios
731 2237 916 2308 eorrrportata
935 2250 1000 2292 esse
1019 2231 1090 2293 lieet
1109 2240 1234 2294 statuas.
1268 2233 1342 2293 Nam

159 2347 223 2408 qua
247 2340 332 2390 erant
354 2333 489 2394 socordia
518 2335 607 2410 primi
630 2330 672 2391 illi
695 2338 850 2408 poetarum
874 2330 1064 2410 interpretes,
1088 2329 1175 2390 facile
1201 2332 1342 2393 credibile

160 2427 285 2488 uidetur
313 2446 377 2510 eos,
404 2440 502 2492 utram
530 2431 649 2490 Plutum
677 2431 964 2506 interpretarentur,
992 2446 1051 2486 non
1081 2445 1205 2490 curasse
1228 2441 1288 2511 aut,
1318 2433 1344 2490 si

160 2525 220 2586 hoc
244 2535 375 2587 statuere
399 2532 497 2590 nunus
520 2527 625 2608 placet,
649 2529 729 2586 inter
751 2525 1007 2604 interpretandum
1031 2543 1068 2584 ne
1091 2527 1343 2590 animaduertisse

161 2624 295 2704 quidem,
322 2643 396 2704 quae
425 2629 455 2687 in
485 2645 513 2686 u.
539 2623 603 2686 173
626 2624 810 2702 legerentur,
839 2640 874 2682 ea
903 2641 971 2683 cum
999 2625 1108 2702 prioris
1132 2622 1226 2702 Pluti,
1254 2645 1342 2707 qoam

162 2731 293 2782 tractare
320 2723 378 2783 sihi
405 2723 591 2803 rudebantur,
620 2733 788 2800 temporum
815 2723 929 2781 ratione
960 2720 1141 2800 discrepare.
1198 2724 1255 2785 Sed
1286 2725 1343 2788 hoc

161 2827 233 2880 utut
262 2829 315 2900 est,
345 2832 425 2882 certe
450 2840 553 2882 eorum
583 2821 787 2880 adnotationes
815 2837 875 2878 non
905 2819 978 2879 tales
1007 2820 1099 2879 luisse
1132 2822 1342 2887 affirmandum

163 2927 221 2998 est,
245 2925 278 2978 ut
300 2917 432 3002 Didymo,
460 2939 496 2980 ex
520 2921 606 2980 euius
628 2919 851 2998 commentario,
879 2919 937 2976 nisi
960 2919 1068 2997 omnia,
1092 2925 1174 2978 certe
1198 2938 1242 3000 ea,
1266 2941 1341 3001 qnae

163 3017 367 3093 exquisitioris
400 3016 551 3076 doetrinae
584 3017 713 3094 speciem
741 3032 812 3094 prae
841 3033 872 3074 se
902 3014 1012 3094 lerant,
1045 3015 1166 3076 lluxisse
1198 3017 1342 3079 Mauricio

164 3112 330 3173 Schmidtio
358 3133 394 3174 cx
421 3117 519 3174 animo
543 3115 699 3193 assentior,
727 3113 908 3192 persuadere
932 3121 1064 3192 possent,
1088 3131 1163 3191 quae
1187 3128 1342 3193 superstes

163 3219 256 3290 esset,
278 3229 341 3271 eam
364 3230 430 3272 esse
453 3211 573 3272 Plutum
596 3213 803 3290 posteriorem,
826 3212 879 3289 qui
902 3212 950 3270 uir
974 3213 1111 3270 acerrimi
1136 3215 1249 3290 ingenii
1270 3233 1341 3275 sane

165 3307 226 3368 boc
249 3308 305 3370 sibi
323 3313 529 3391 persuasisset,
552 3313 578 3370 si
597 3311 627 3369 in
647 3311 781 3386 priorum
800 3317 998 3387 interpretum
1018 3307 1102 3368 libris
1123 3309 1171 3370 uel
1190 3314 1341 3373 minimam

164 3408 331 3468 inuenisset
363 3408 452 3469 huius
480 3410 644 3468 sententiae
680 3404 943 3467 adumbrationem.
993 3405 1096 3485 ltaque
1130 3410 1194 3468 siue
1228 3413 1341 3487 primos

163 3513 415 3566 commentatores
443 3506 478 3566 ad
503 3506 582 3566 hone
607 3523 729 3565 uersum
759 3504 913 3564 uberiores
937 3504 1141 3564 adnotationes
1166 3511 1341 3584 apposuisse

162 3604 273 3662 statuis
291 3605 354 3663 sine
374 3623 426 3665 eos
444 3606 613 3664 accuratius
630 3601 711 3662 hunc
731 3619 852 3662 uersum
867 3601 1030 3679 explicasse
1046 3619 1144 3682 negas,
1167 3602 1223 3662 hoe
1239 3612 1341 3664 tenen·

163 3699 311 3781 domest,
335 3701 490 3781 Didymum
510 3701 589 3762 hune
610 3719 730 3761 uersum
753 3703 794 3760 ita
812 3698 985 3778 illustrasse,
1009 3708 1042 3760 ut
1061 3718 1114 3758 sua
1137 3709 1233 3761 aetate
1251 3719 1341 3762 onam

165 3805 283 3858 tantum
305 3799 387 3861 Pluti
416 3803 622 3861 recensionem
646 3801 838 3878 superstitem
861 3796 953 3856 inisse
978 3797 1166 3876 apertissime
1191 3801 1343 3859 nuntiaret

164 3895 359 3978 eandemque,
382 3917 457 3977 quae
481 3898 516 3958 ad
540 3908 672 3958 nostram
696 3897 869 3956 memoriam
891 3895 1007 3952 mansit.

257 3991 291 4054 11.
324 3995 365 4055 lle
384 3995 505 4056 scholiis
524 3995 560 4054 ad
581 4013 630 4054 uo.
645 3991 710 4056 972
728 4003 759 4055 et
780 3989 865 4053 1146
885 3995 910 4052 si
928 3992 1024 4052 iusius
1043 3991 1199 4071 explanare
1220 3992 1342 4077 uellem,

165 4091 271 4152 eadem
295 4110 371 4170 quae
394 4093 430 4154 de
457 4090 548 4153 schol.
571 4111 600 4152 u.
626 4090 689 4154 173
712 4091 851 4169 indicaui,
874 4088 920 4150 his
944 4089 1017 4150 mihi
1040 4089 1202 4168 repetenda
1227 4103 1342 4174 essent3

164 4194 267 4269 itaque
295 4190 332 4250 dc
362 4194 405 4251 eis
432 4208 556 4271 prorsus
584 4193 614 4251 in
644 4191 769 4252 eandem
797 4189 974 4249 sententiam
1006 4187 1138 4248 eundum
1167 4207 1233 4248 esse
1268 4193 1341 4250 satis

164 4287 263 4348 habeo
286 4291 446 4366 monuisse.

257 4385 302 4448 111
343 4388 475 4448 Transeo
504 4406 583 4448 nunc
610 4387 646 4448 ad
671 4387 816 4450 scholium
840 4403 869 4446 u.
892 4379 958 4446 550
982 4385 1203 4463 excutiendum,
1227 4405 1286 4466 quo
1310 4391 1341 4449 in

168 4485 399 4564 cointemplando
423 4486 510 4547 simul
535 4486 641 4564 elucet,
665 4505 725 4548 non
748 4486 855 4546 iniuria
879 4485 909 4544 in
929 4481 1051 4542 scholiis
1071 4481 1159 4542 modo
1178 4483 1342 4563 explanatis

224 4595 404 4638 Dissertationes
417 4597 532 4638 laneum.
555 4597 595 4638 lV.
1077 4588 1093 4636 ὅ
