3246 5250
634 385 853 450 ..99..,

157 553 330 615 euidentius
349 553 408 633 liat,
426 551 561 612 lacunam
581 567 669 628 quam
687 548 774 609 modo
794 551 953 610 statuimus
971 549 1094 628 explere
1109 550 1188 613 haud
1207 553 1336 614 alienum

155 654 213 712 erit
241 652 350 712 conari.
395 650 491 728 Atque
522 667 586 708 mea
615 645 735 726 quidem
768 647 916 706 sententia
939 645 1006 707 talia
1030 648 1095 708 lere
1119 650 1335 712 Antiatticistae

157 749 248 810 uerha
273 747 461 809 intercidisse
486 746 629 807 arbitror:
661 740 767 824 γραῦς
793 738 858 824 γὰρ
882 745 1029 807 καλεῖται
1059 741 1117 807 καὶ
1141 737 1159 808 ὁ
1182 738 1333 828 άφρὸςὸ

155 837 325 918 άνῶτατος
342 841 410 906 τῶν
424 841 567 926 χυτρῶν,
587 833 632 916 ῶς
650 857 754 922 φησιν
771 831 1012 922 Ἀριστοφάνης
1029 837 1177 928 Πλούτφ
1197 836 1336 926 (οὑτωσὶ

157 939 275 1022 λέγων·
299 938 383 1014 εταῖς
400 935 462 1022 μὲν
486 933 603 1013 άλλαις
621 931 684 1020 γάρ
707 931 844 1020 χύτραις
866 930 887 1019 ἡ
908 936 1014 1019 γραῦς
1032 933 1140 1004 ἔπεστ’
1163 933 1335 1020 ἀνωτάτω,

156 1033 278 1119 ταύτης
301 1033 339 1101 dt
361 1037 427 1100 νῦν
450 1043 509 1120 τῆς
530 1031 634 1119 γραὸς
657 1031 815 1116 ἐπιπολῆς
839 1035 964 1098 ἔπεισιν
988 1035 1026 1098 αλ
1047 1033 1236 1122 χύτραι’).1)

246 1137 275 1214 ἓ.
308 1133 357 1199 16.
408 1136 494 1197 Νυοο
522 1135 558 1196 ad
591 1136 789 1214 fragmentum
821 1131 886 1196 448
919 1136 1110 1218 accedamus,
1142 1137 1222 1216 quod
1256 1136 1332 1215 apud

158 1233 309 1296 Pollucem
333 1228 479 1317 (9,139)
504 1235 548 1294 sic
572 1232 714 1295 traditum
734 1241 793 1293 est:
813 1225 1055 1313 Ἀριστοφάνης
1078 1225 1110 1294 d'
1133 1230 1170 1295 ἐν
1189 1227 1333 1318 Πλούτῳ

157 1327 211 1393 καὶ
239 1329 284 1417 τῷ
309 1324 574 1410 ἐπικρούσασθαι
602 1324 654 1392 ἐπὶ
681 1326 742 1390 τοῦ
772 1326 977 1409 νουθετῆσαι
1004 1327 1167 1413 κέχρηται.
1214 1331 1334 1391 Plutum

158 1432 349 1508 superstitem
373 1433 399 1489 si
427 1427 630 1509 peruolueris,
657 1445 716 1488 non
745 1427 865 1504 quidem
893 1427 966 1488 haec
999 1432 1062 1509 ipsa
1086 1447 1162 1508 quae
1193 1439 1240 1490 est
1267 1424 1335 1489 ἐπι-

158 1519 368 1606 κρούσασθαι
388 1545 445 1588 uox
465 1525 520 1588 tihi
539 1533 687 1604 occurret,
706 1523 758 1584 sed
773 1533 872 1586 tamen
887 1544 1010 1587 uersum
1029 1529 1176 1606 inuenieS,
1194 1527 1230 1586 ad
1246 1545 1334 1605 quem

161 1623 233 1684 nihd
248 1623 380 1704 impedit,
399 1625 559 1702 quominus
574 1622 703 1683 Pollucis
723 1623 921 1700 fragmentum
936 1625 1110 1685 referamus.
1137 1624 1193 1684 Est
1211 1644 1240 1684 u.
1255 1619 1335 1684 548:

160 1756 203 1824 σὺ
218 1757 279 1844 pto
295 1755 338 1825 οὐ
350 1756 412 1825 τὸν
427 1760 509 1845 ἐμον
519 1761 596 1842 βίον
610 1765 754 1842 εἴρηκας,
767 1755 828 1823 τὸν
842 1763 910 1826 τῶν
925 1765 1066 1846 πτωχῶν
1079 1757 1111 1827 d’
1127 1757 1334 1848 ὑπεκρούσω.

161 1903 323 1965 Scholiasta
346 1904 435 1966 huius
459 1923 567 1966 uersus
591 1904 717 1965 uerbum
743 1905 821 1983 quod
846 1915 891 1967 est
913 1898 1111 1988 ὑπεκρούσω
1135 1909 1263 1988 explicat
1281 1925 1336 1984 per

161 1998 324 2083 ἐφθέγξω,
339 1993 545 2084 άνεκρούσω,
564 1997 745 2083 ἐδήλωσας,
764 2021 840 2080 quae
856 2003 947 2064 uerba
963 2005 1087 2065 eandem
1102 2006 1164 2064 lere
1184 2007 1336 2064 notionem

163 2103 333 2178 exprimunt
360 2111 448 2180 atque
477 2100 593 2179 qualem
618 2101 784 2180 fragmento
808 2099 850 2160 illi
873 2102 972 2161 inesse
996 2101 1098 2163 Pollux
1123 2102 1227 2162 uoluit.
1273 2100 1335 2178 Ego

163 2199 254 2276 igitur
286 2196 504 2276 lungermanno
537 2197 634 2256 lacere
669 2216 729 2257 non
758 2215 881 2276 possum
915 2201 988 2276 quin
1022 2219 1090 2260 cum
1122 2199 1269 2260 Meinekio
1302 2215 1336 2256 ac

161 2293 287 2354 Velseno
311 2297 464 2375 assentiar,
486 2297 518 2353 in
537 2293 725 2355 adnotatione
749 2295 785 2354 ad
805 2295 934 2355 Pollucis
953 2297 1052 2357 locum
1070 2297 1144 2357 haec
1163 2297 1334 2357 disserenti:

160 2387 284 2472 ‘ltaque,
307 2394 409 2452 sinon
430 2392 523 2471 lallor,
548 2385 639 2474 (apud
659 2389 903 2475 Aristophanem)
924 2388 1113 2476 ἐπεκρούσω
1128 2415 1197 2456 cum
1215 2394 1336 2454 Polluce

159 2489 317 2568 legendum
351 2491 417 2550 erit.
473 2489 653 2551 scholiastes
685 2489 728 2550 ihi
760 2495 895 2570 exponit:
932 2488 1100 2573 ἐφθέγξω,
1133 2485 1337 2573 άνεκρούσω,

162 2586 241 2665 quod
265 2594 367 2646 nostro
392 2605 559 2665 repugnare
583 2607 642 2648 non
666 2584 807 2650 uidetur?

252 2682 281 2760 ξ.
308 2681 357 2743 l‘l.
403 2683 489 2764 Apud
518 2684 645 2746 eundem
672 2685 823 2748 Pollucem
851 2683 898 2772 (l,
923 2685 1001 2773 115)
1025 2699 1122 2750 exstat
1149 2692 1235 2750 etiam
1260 2689 1337 2764 frag·

162 2791 296 2844 mentum
329 2780 409 2864 449,
442 2783 521 2862 quod
560 2792 618 2843 est:
655 2777 711 2843 καὶ
743 2777 979 2866 ἁρματοπηγὸς
1011 2780 1048 2848 δὲ
1084 2778 1163 2848 καθ’
1189 2775 1338 2865 Ὅμηρον

161 2874 324 2961 προσήκοι
348 2869 392 2940 άν
414 2877 595 2962 τεκτονικῇ,
622 2872 678 2940 καὶ
701 2871 913 2962 ἇμαξοπηγὸς
935 2887 1041 2957 εἴποις
1064 2873 1119 2962 dv,
1141 2878 1195 2944 καὶ
1219 2874 1338 2962 ἁμαξο-

162 2987 291 3058 πηγεῖν,
315 2973 370 3038 καὶ
393 2969 643 3059 άρματοπηγεῖν
666 2973 721 3040 καὶ
746 2969 984 3060 ἁρματοποιεῖν
1007 2976 1063 3042 καὶ
1092 2983 1339 3062 ζυγοποιεῑν,

163 3069 212 3148 ῶς
239 3072 280 3136 ἐν
305 3069 470 3160 Πλούτῳ
496 3068 794 3156 Ἀριστοφάνης.
840 3078 992 3140 Dobraeus
1015 3079 1243 3158 Aristophanem
1267 3078 1340 3138 salso

163 3192 217 3252 pro
240 3173 419 3235 Pherecrate
439 3175 586 3235 nominari
606 3172 792 3255 opinabatur,
811 3178 840 3236 in
865 3179 951 3236 cuius
975 3178 1140 3255 fragmento
1162 3173 1225 3236 130
1244 3181 1342 3234 exstat

163 3269 211 3330 hic
235 3289 357 3332 uersus:
379 3270 429 3344 τίς
448 3261 481 3331 d’
507 3262 582 3330 ἔσθ’
608 3259 691 3348 ἡμῖν
709 3267 777 3330 τῶν
797 3275 868 3333 σῶν
887 3261 1059 3352 άροτῶνῆ
1085 3271 1270 3352 ζυγοποιῶν
1294 3270 1342 3331 ἔτι

165 3367 270 3449 χρεία,
308 3368 365 3428 Sed
390 3369 426 3428 de
451 3370 506 3430 hac
530 3367 650 3446 quidem
675 3385 707 3426 re
732 3365 845 3428 lloclrio
869 3368 1034 3449 adstipulor
1062 3369 1139 3430 hanc
1163 3371 1341 3430 sententiam

163 3468 311 3548 reicienti,
339 3461 418 3526 ‘curn
451 3464 557 3527 Pollux
586 3482 645 3524 non
677 3467 774 3527 solum
801 3468 1028 3547 Aristophanem
1057 3486 1126 3528 cum
1154 3467 1344 3547 Pherecrate,

165 3563 216 3622 sed
246 3565 334 3623 etiam
359 3561 478 3623 Plutum
503 3580 571 3622 cum
595 3561 696 3622 Persis
726 3571 755 3621 et
784 3563 972 3642 ζυγοποιεῖν
1003 3583 1071 3626 cum
1101 3561 1288 3642 ζυγοποιῶν
1313 3559 1343 3644 (a

163 3657 351 3740 ζυγοποιάς)
380 3661 551 3722 contudisse
581 3662 750 3722 censendus
779 3656 837 3720 sit'
885 3661 944 3722 Sed
971 3658 1065 3742 quid?
1098 3663 1124 3720 si
1155 3661 1344 3740 ζυγοποιεῖν

162 3757 205 3846 (u.
234 3752 314 3839 513)
354 3777 421 3819 cum
455 3757 550 3820 uerbo
582 3763 796 3836 τροχοποιεῖν
828 3769 1042 3822 commutatum
1075 3776 1142 3818 esse
1176 3761 1344 3840 statuimus,

162 3855 354 3935 simillimam,
382 3874 419 3915 ne
443 3857 539 3916 dicem
563 3851 703 3936 eandem,
730 3857 883 3916 notionem
907 3853 1102 3918 continente?
1143 3854 1254 3915 Hocine
1279 3857 1345 3915 deri

163 3971 221 4013 non
250 3949 371 4032 potuit?
412 3953 506 4014 lmrno
536 3951 674 4012 facillime
704 3953 773 4032 quis
800 3955 840 4012 ita
865 3972 966 4014 errare
988 3955 1101 4038 potuit,
1126 3970 1222 4030 neque
1247 3951 1345 4032 uideo,
1399 4023 1403 4030 ι

165 4067 220 4110 cur
234 4047 364 4110 llockius
383 4050 459 4112 hanc
480 4050 660 4110 sententiam
680 4059 740 4110 tarn
755 4049 872 4110 fortiter
887 4051 1100 4132 repudiauerit.
1134 4048 1205 4108 Mihi
1224 4051 1345 4128 quidem

236 4223 262 4288 1)
273 4219 399 4274 Similem
413 4237 473 4274 rem
482 4219 571 4274 hahes
582 4218 613 4270 in
626 4217 714 4272 schol.
729 4219 792 4274 Pac.
808 4225 869 4286 92³,
885 4221 931 4275 ubi
944 4220 968 4274 si
983 4221 1106 4290 primum
1123 4220 1214 4274 solnm
1228 4220 1343 4276 hebere·

163 4319 224 4354 mus
243 4299 391 4368 scholium,
410 4299 478 4354 inde
497 4315 610 4368 quoqne
629 4296 728 4352 dubito
742 4315 778 4352 sn
793 4301 857 4368 quie
872 4301 1064 4370 fragmentum
1083 4301 1177 4356 nescio
1197 4302 1280 4371 quale
1300 4319 1345 4356 ex-

163 4381 323 4450 sculpturns
339 4381 391 4447 sit;
409 4396 483 4436 nnnc
498 4395 564 4434 uero
578 4378 685 4448 optime
700 4379 815 4446 rectum,
830 4379 905 4450 quod
920 4381 950 4436 in
964 4382 1052 4436 tertio
1067 4381 1174 4436 scholio
1188 4383 1345 4452 exponitur,

164 4478 219 4530 quo
237 4459 308 4514 haec
327 4459 414 4514 uerba
433 4462 568 4530 spectent

1096 4549 1132 4600 μ
