3246 5250
759 387 979 449 ν94...

285 549 370 624 sequi
393 549 537 625 optimum
567 547 693 607 uidetur.
740 546 811 606 Nam
836 552 973 626 quoniam
1002 569 1137 629 uersum,
1166 553 1217 628 qui
1245 569 1324 611 nunc
1348 550 1459 630 legitur

283 647 312 703 in
342 643 508 724 codicibus,
536 652 710 722 corruptum
740 663 805 703 csse
834 649 906 706 satis
934 656 1063 728 constat,
1093 648 1176 709 facile
1201 651 1325 726 cogitari
1348 658 1458 730 potest,

283 740 508 802 scholiastarum
538 741 722 820 temporibus
751 748 908 822 utramque
936 744 1106 824 lectionem,
1140 753 1170 806 et
1197 744 1304 806 bonam
1333 755 1363 805 et
1390 763 1456 806 cor-

282 848 409 920 ruptam,
433 858 491 899 una
510 841 540 898 in
561 839 715 900 codicibus
734 842 891 922 exstitisse,
916 845 945 902 in
965 843 1013 902 his
1032 843 1162 923 alteram,
1186 843 1308 904 alteram
1328 846 1358 904 in
1378 843 1457 924 aliis;

284 939 449 1015 posteriore
487 937 594 998 deinde
632 946 726 997 aetate
765 936 902 998 meliores
940 940 1057 1001 codices
1096 942 1301 1022 intercidisse,
1337 943 1458 1021 peiores

282 1038 439 1114 mansisse,
472 1037 550 1096 unde
584 1039 671 1097 etiam
704 1039 799 1097 nostri
828 1038 945 1099 codIces
978 1038 1139 1118 pendeant3
1171 1047 1323 1100 auctorem
1355 1048 1458 1101 autem

282 1132 371 1192 huius
396 1133 509 1215 scholii,
533 1137 584 1212 qni
607 1145 764 1212 utramque
788 1135 946 1195 lectionem
970 1138 1096 1215 nouerit,
1121 1135 1268 1214 quomodo
1289 1139 1456 1216 scripturae

283 1231 480 1310 discrepantia
505 1234 642 1310 euaserit,
663 1251 721 1292 non
741 1236 938 1312 perspexisse,
961 1236 1061 1312 itaque
1081 1233 1255 1294 coniciendo
1274 1235 1346 1294 item
1365 1243 1457 1312 atque

282 1348 356 1407 quos
385 1338 538 1389 euirmerat
567 1329 802 1390 Heldermauuus
828 1351 858 1410 p.
882 1327 1014 1411 9-15,
1043 1333 1165 1392 alteram
1194 1335 1300 1411 priori,
1331 1332 1457 1393 alteram

282 1429 443 1504 posteriori
465 1426 552 1487 Pluto
576 1427 732 1504 tribuisse,
756 1437 789 1488 ut
813 1428 915 1488 saltem
939 1427 1076 1509 haberet,
1100 1431 1179 1509 quod
1202 1430 1324 1490 diceret.

777 1676 893 1789 Caput
911 1715 960 1775 lV.

395 1851 453 1916 De
477 1851 733 1932 fragmentis
757 1852 868 1932 apud
894 1853 1118 1932 scriptores
1144 1851 1331 1917 seruatis

370 1997 473 2058 Adbuc
497 2001 587 2076 igitur
612 1997 725 2057 nullum
750 1997 847 2057 locum
870 1999 1041 2058 innenimus
1065 1998 1166 2078 talem,
1191 2017 1249 2076 qno
1274 2002 1458 2058 sententiam

284 2078 415 2154 nostram
439 2098 572 2173 proxima
596 2106 679 2173 parte
704 2095 888 2172 explanatam
907 2103 1021 2154 mutare
1041 2114 1230 2176 cogeremur;
1254 2114 1334 2156 nunc
1354 2095 1458 2156 uidea-

281 2212 360 2271 mus,
389 2212 459 2253 num
488 2194 660 2271 fragmentis
691 2195 747 2270 eis,
779 2211 853 2270 quae
884 2203 1000 2253 seruata
1028 2202 1145 2253 exstant
1168 2195 1197 2252 in
1222 2192 1350 2253 Pollucis
1374 2193 1456 2254 Ono-

280 2293 415 2369 mastico,
454 2289 561 2350 Suidaa
594 2290 701 2370 lexico,
738 2289 938 2369 Etymologico
972 2290 1091 2371 Magno,
1126 2290 1251 2350 Bellieni
1291 2290 1456 2364 Auecdotis

282 2386 411 2467 GracciS,
435 2387 541 2448 adduci
564 2389 721 2466 possimus,
746 2396 779 2446 ut
802 2406 918 2448 errasse
943 2406 997 2448 nos
1021 2390 1214 2448 confiteamur
1234 2395 1265 2448 et
1283 2388 1456 2448 Alexandri·

279 2502 386 2545 norum
406 2485 590 2564 temporibus
609 2486 681 2546 duas
695 2483 798 2544 Plutos
817 2489 965 2546 exstitisse
988 2485 1074 2545 nobis
1089 2485 1329 2565 persuadeamus.
1365 2487 1456 2556 Quod

280 2589 314 2641 ut
336 2587 567 2664 perspiceretur,
591 2586 648 2643 nisi
671 2583 803 2644 llocliius
826 2586 936 2644 iterum
959 2601 992 2642 ac
1017 2581 1203 2663 lllaydesius,
1226 2585 1456 2676 recentissimus

279 2679 514 2758 fragmentorum
546 2683 655 2762 editor,
688 2683 785 2741 omnia
813 2681 893 2741 Pluti
925 2698 1043 2759 quoque
1077 2699 1152 2758 quae
1186 2689 1248 2741 tum
1279 2679 1455 2743 ferebantur

279 2777 405 2838 frustula
433 2787 582 2858 tamquam
611 2782 739 2857 genuina
768 2786 1006 2857 enumerassent,
1038 2777 1214 2838 breuissima
1248 2779 1374 2836 fortasse
1403 2796 1454 2837 ex-

278 2873 444 2952 planatione
464 2896 539 2956 opus
558 2886 646 2958 esset,
665 2897 723 2956 qna
741 2877 814 2938 haec
834 2878 997 2954 fragmenta
1016 2878 1073 2935 iam
1093 2875 1206 2935 dudum
1225 2894 1240 2934 a
1260 2878 1334 2936 uiris
1354 2875 1455 2938 doctis

279 2974 317 3032 ita
341 2975 372 3032 in
396 2975 594 3052 suspicionem
620 2982 724 3034 uocata
748 2993 814 3034 esse
839 2980 1048 3053 exponeretur,
1071 2980 1228 3033 uteorum
1252 2991 1338 3052 unuS,
1362 2973 1394 3034 C.
1419 2975 1454 3037 F.

278 3069 465 3129 Hermannus
494 3072 524 3151 in
554 3070 629 3131 libro
657 3069 774 3130 laudato
803 3088 920 3129 omnem
948 3070 1011 3129 fere
1039 3069 1096 3130 illis
1126 3072 1298 3150 fragmentis
1322 3076 1454 3132 auotori-

278 3174 368 3229 tatem
396 3168 544 3248 fidemque
572 3169 728 3248 abrogaret
755 3169 802 3228 his
831 3168 893 3228 fere
922 3167 1036 3228 uerbis:
1066 3171 1091 3228 si
1118 3177 1237 3247 praeter
1262 3187 1353 3228 uniam
1378 3169 1454 3230 illud

277 3266 476 3344 fragmentum
505 3285 520 3326 e
549 3266 640 3327 schol.
664 3267 736 3326 llan.
762 3261 848 3344 1125
872 3266 1061 3345 desumptum
1085 3266 1138 3324 alia
1163 3284 1281 3345 quoque
1306 3265 1454 3327 uocabula

277 3362 363 3423 Pluto
383 3362 498 3423 fabulae
518 3364 692 3443 simpliciter
711 3362 962 3442 adscriberentur,
982 3382 1084 3423 eorum
1106 3381 1165 3422 non
1181 3363 1277 3423 solum
1292 3381 1455 3424 numerum

277 3459 370 3519 molto
399 3463 543 3521 minorem
575 3481 639 3524 esse
669 3479 757 3540 quam
784 3467 817 3519 ut
841 3463 916 3520 certi
940 3460 1100 3540 quidquam
1125 3477 1160 3520 ex
1185 3462 1227 3521 eis
1252 3462 1455 3541 coniceretur,

278 3557 329 3616 sed
354 3561 440 3618 etiam
465 3562 670 3619 auctoritatem
696 3565 850 3637 tantopere
874 3558 1026 3638 uacillare,
1056 3566 1089 3618 ut
1117 3577 1176 3618 non
1199 3555 1336 3636 pluribus
1361 3575 1456 3636 quam

277 3654 394 3716 dnobus
409 3657 456 3716 uel
477 3657 573 3717 tribus
588 3655 684 3734 aliqua
701 3656 775 3716 fides
793 3655 897 3716 baberi
915 3658 1017 3735 possit.
1025 3650 1049 3736 ¹)
1087 3654 1151 3715 Tali
1170 3657 1261 3733 igitur
1279 3657 1454 3734 suspicione

277 3757 364 3814 nixus
397 3755 533 3815 facillime
565 3755 632 3833 quis
664 3752 837 3831 labefactam
873 3755 931 3812 iam
969 3754 1203 3832 fragmentorum
1241 3755 1454 3815 auctoritatem

349 3989 374 4057 1)
399 3988 471 4042 ‘und
495 4004 576 4041 wenn
600 3987 660 4042 sioh
683 3987 754 4042 auch
778 3986 852 4041 noch
875 3985 977 4039 andere
995 3985 1108 4040 Wbrter
1130 3984 1181 4038 hin
1203 3963 1382 4042 und'wieder
1400 4003 1456 4043 aus

276 4067 338 4122 dem
358 4068 455 4121 Plutos
475 4066 653 4120 sohleehthin
671 4068 764 4121 citiert
782 4065 887 4132 finden,
913 4063 958 4116 die
982 4063 1012 4116 in
1035 4064 1099 4118 dem
1120 4065 1270 4135 unserigen
1289 4066 1367 4120 nicht
1384 4085 1455 4123 vor-

276 4148 416 4214 kommen‚
436 4164 466 4202 so
486 4148 549 4200 sind
569 4147 653 4201 deren
672 4147 745 4201 doch
764 4145 844 4201 nicht
861 4141 946 4199 allein
964 4141 1023 4201 vicl
1042 4163 1074 4198 zu
1093 4145 1208 4214 wenige,
1227 4163 1274 4198 um
1288 4146 1388 4216 irgend
1404 4146 1456 4203 eiii

276 4224 369 4280 klares
386 4226 449 4279 Bild
468 4245 501 4280 nu
519 4225 676 4296 gamaliten,
696 4226 815 4281 sondern
834 4224 950 4278 manche
970 4225 1103 4278 detenter
1121 4230 1224 4294 mogon
1245 4225 1316 4282 auch
1334 4226 1384 4279 auf
1400 4227 1455 4280 ab·

275 4305 456 4362 weichenden
469 4305 610 4374 besarion,
629 4306 746 4362 manche
766 4306 816 4361 auf
831 4320 997 4374 ungenauen
1015 4304 1152 4371 Angoben
1170 4306 1220 4360 der
1239 4307 1315 4361 alten
1335 4305 1454 4375 Zeugen

274 4384 407 4454 bornhem,
428 4403 458 4440 so
478 4386 542 4440 dass
561 4385 711 4441 hdohstens
730 4385 798 4440 awei
817 4385 883 4440 oder
902 4385 961 4440 drei
980 4384 1127 4440 derselbon
1145 4385 1199 4440 mit
1217 4384 1323 4454 einiger
1339 4384 1454 4442 Siober-

274 4461 334 4518 heit
352 4463 393 4518 als
412 4464 644 4520 unterscheidend
663 4467 780 4522 forden
799 4469 891 4520 ersten
910 4465 1007 4520 Plulos
1025 4466 1121 4535 gellen
1139 4465 1266 4536 znogem'
