3246 5250
637 404 855 468 ..73-

157 569 283 628 sormam
307 567 530 645 integerrimam
554 567 639 628 lacile
664 576 794 628 statuere
818 566 887 627 licet
911 566 1031 628 scholiis
1053 568 1149 645 primo
1173 584 1207 625 ac
1226 572 1333 644 quarto

156 667 236 726 iuter
254 683 288 725 se
308 667 495 743 comparatis.
532 664 673 745 Exceptis
692 667 771 726 enim
790 667 895 744 primis
919 667 1076 743 utriusque
1103 662 1207 724 scholii
1231 662 1334 723 uerbis
1447 679 1460 708 0

156 763 225 824 inde
255 781 270 822 a
301 761 455 824 uocabulis
485 753 529 836 ὡς
557 765 664 838 εἴτις
691 757 782 842 λέγοι
810 766 908 824 omnia
936 762 972 823 ad
1006 761 1131 822 uerbum
1165 769 1335 840 congruunt

155 879 223 922 cum
252 860 366 922 scholio
396 863 577 941 posteriore,
610 862 689 940 quod
717 862 881 922 secundum
910 879 977 921 eum
1006 862 1058 938 qui
1086 862 1116 919 iu
1150 858 1332 919 scholiorum

155 957 331 1020 collectione
354 957 487 1019 Parisino
514 967 654 1037 receptus
683 967 728 1020 est
756 959 891 1020 ordinem
919 960 1023 1036 incipit
1052 977 1067 1016 a
1095 956 1173 1017 linea
1191 954 1248 1017 4οε
1277 955 1334 1017 καὶ

155 1052 191 1118 ἐν
214 1053 255 1137 τῇ
279 1047 405 1117 Ἰλιάδι.
450 1055 590 1117 Praetera
614 1055 739 1118 dubium
763 1075 822 1117 non
846 1065 905 1138 est,
929 1058 1001 1135 quin
1024 1055 1084 1115 huc
1107 1054 1250 1114 trahenda
1274 1055 1334 1114 sint

154 1155 243 1214 etiam
269 1152 360 1214 uerba
384 1171 459 1232 quae
483 1161 567 1214 sunt:
589 1143 611 1233 ἢ
636 1145 688 1215 ὅτι
712 1145 730 1214 ὁ
755 1147 817 1234 μὲν
840 1147 1025 1224 Διονύσιος
1047 1144 1224 1231 τύραννος,
1248 1151 1333 1231 Θρα-

153 1243 323 1330 σύβουλος
346 1243 384 1312 δὲ
408 1243 599 1331 ὃημοφιλής
621 1260 652 1313 et
675 1251 786 1313 scholia
811 1255 948 1332 quintum
971 1259 1002 1312 et
1026 1251 1185 1328 septimum
1209 1258 1240 1309 et
1258 1250 1334 1308 serti

153 1347 324 1428 dimidiumy
358 1348 484 1410 alterum
515 1350 671 1410 dimidium
704 1349 739 1410 ad
774 1351 904 1428 primum
937 1366 1031 1427 genus
1060 1346 1250 1407 referendum
1279 1352 1333 1405 est.

152 1445 233 1506 llaec
262 1445 374 1506 scholia
403 1449 500 1509 omnia
529 1466 598 1509 cum
627 1446 729 1508 uerhis
758 1454 821 1507 tum
850 1447 942 1507 rebus
970 1453 1030 1506 tam
1059 1443 1164 1506 similia
1193 1445 1272 1504 inter
1301 1461 1333 1502 se

152 1551 237 1623 sunt,
270 1551 305 1604 ut
332 1544 397 1604 siue
428 1543 518 1606 dubio
547 1564 583 1605 ex
612 1545 716 1604 eodem
745 1545 831 1623 quasi
859 1545 940 1604 fonte
969 1544 1103 1604 deriuata
1137 1561 1171 1601 ea
1199 1559 1265 1601 esse
1294 1543 1334 1601 ita

151 1640 318 1721 putandum
342 1643 395 1720 sit,
418 1650 451 1702 ut
474 1642 566 1704 huius
590 1641 695 1702 scholii
718 1649 824 1702 auctor
845 1640 930 1720 plura
955 1639 1136 1719 diligentius,
1160 1638 1239 1699 illius
1262 1657 1333 1718 pau·

154 1741 236 1799 ciora
262 1738 468 1817 neglegentius
492 1741 686 1818 excerpserit.

242 1836 412 1916 dispertitis
440 1855 520 1900 nono
548 1837 638 1899 huius
667 1855 787 1916 quoque
816 1837 937 1913 generis
966 1835 1087 1896 scholiis
1116 1837 1205 1896 etiarn
1229 1853 1265 1895 ex
1287 1835 1334 1895 his

151 1934 340 2014 colligamus,
367 1937 514 2013 quomodo
544 1955 648 1996 eorum
677 1938 794 2015 primus
822 1943 928 1994 auctor
957 1934 993 1993 de
1017 1932 1204 2012 Thrasybulo
1227 1936 1336 2012 cogita·

151 2034 241 2112 uerit,
265 2051 325 2111 quo
344 2032 525 2095 lucidentius
545 2043 687 2114 appareat
705 2041 788 2094 recte
808 2049 842 2092 ea
862 2049 938 2110 quae
959 2030 1057 2090 adhuc
1077 2034 1205 2092 tractaui
1226 2031 1337 2093 scholia

150 2132 181 2192 in
205 2131 266 2192 duo
289 2149 399 2209 genera
422 2131 516 2192 diuisa
540 2150 639 2210 neque
663 2131 699 2190 ad
724 2147 819 2190 unum
843 2127 936 2188 relata
960 2147 1036 2189 esse.
1083 2127 1120 2189 Vt
1147 2131 1226 2190 enim
1253 2129 1336 2191 illius

151 2228 425 2289 Ecclesiazusarum
457 2229 562 2290 scholii
588 2235 747 2308 parentem
776 2229 865 2287 etiam
895 2227 1063 2289 secundum
1091 2229 1272 2308 tertiumque
1301 2230 1337 2288 ad

151 2324 229 2386 Plut.
253 2321 320 2386 550
343 2325 454 2386 scholia
477 2327 681 2404 composuisse
707 2324 872 2386 similitudo
898 2327 1058 2404 docuerat,
1085 2327 1126 2386 ita
1153 2345 1169 2386 a
1197 2346 1255 2406 quo
1280 2326 1338 2388 hoc

152 2433 333 2502 conceptum
362 2430 423 2504 est,
449 2442 518 2484 eum
545 2431 628 2484 certe
656 2441 718 2484 non
748 2424 907 2502 scripsisse
936 2422 1062 2484 alterius
1085 2429 1203 2502 generis
1227 2426 1339 2488 scholia

151 2521 362 2582 dissimilitudo
381 2520 560 2582 iudiciorum
579 2521 616 2581 de
631 2520 821 2602 Thrasybulo
840 2521 990 2583 factorum
1003 2521 1203 2603 Dionysioque
1223 2525 1340 2588 clamat.

153 2620 211 2690 Qui
235 2621 315 2679 enirn
339 2621 461 2697 cogitari
484 2624 596 2699 potest,
626 2618 662 2678 ah
692 2618 800 2679 eodem
823 2627 947 2682 auctore
971 2620 1101 2682 eundem
1126 2623 1227 2684 uirum
1251 2626 1339 2686 modo

150 2708 391 2796 ἀξιωματικόν,
415 2707 568 2795 αὐθάδη,
591 2707 788 2796 ὑπερόπτην
810 2714 872 2778 τοῦ
897 2711 1020 2802 δήμου,
1045 2720 1130 2780 modo
1155 2719 1339 2806 δημοφιλῆ,

152 2809 296 2894 ἐραστὴν
325 2817 384 2892 τῆς
413 2812 652 2893 δημοκρατίας,
681 2808 882 2894 φιλόπολιν,
913 2811 1040 2891 παντὸς
1068 2812 1173 2896 λόγου
1199 2821 1337 2903 κρείττω

153 2907 316 2990 appellari?
351 2909 408 2971 Sed
432 2911 503 2989 quid
528 2908 657 2989 loquor?
681 2912 812 2974 eundem
838 2916 938 2976 uirum
962 2921 1083 2994 tamque
1106 2916 1336 2986 celeberrimum

153 3012 183 3069 in
211 3010 432 3070 aestimationes
461 3019 520 3070 tam
546 3017 610 3070 toto
634 3009 719 3071 caelo
743 3012 879 3072 diuersas
903 3016 1059 3072 incurrere
1084 3031 1181 3076 nonne
1207 3021 1255 3081 uel
1280 3021 1337 3086 hoo
1447 3085 1450 3096 ,

153 3125 297 3188 perquam
332 3109 397 3166 ueri
430 3106 575 3168 dissimile
608 3106 678 3170 est?
728 3109 800 3170 Mihi
833 3111 954 3190 quidem
987 3110 1120 3190 uidetur,
1158 3133 1336 3197 quamquam

152 3203 391 3282 Frohbergerus‚
418 3203 562 3284 Philolog.
590 3202 641 3287 17,
665 3203 731 3268 446
755 3207 791 3268 ad
821 3208 947 3268 eundem
972 3210 1069 3268 omnia
1092 3214 1205 3288 patriae
1229 3215 1336 3279 libera·

153 3314 250 3364 torem
270 3304 420 3381 pertinere
440 3306 558 3382 statuit;
578 3311 669 3383 atque
688 3307 729 3366 ita
748 3314 781 3365 ut
800 3303 872 3364 mihi
890 3305 1040 3386 uideatur,
1058 3306 1131 3369 illud
1146 3314 1336 3388 potissimum

154 3419 202 3460 me
226 3398 355 3480 adducit,
378 3398 458 3477 quod
481 3418 559 3478 quae
584 3402 704 3481 collegit
723 3401 947 3480 Frohhergerus
967 3403 1003 3463 de
1023 3403 1206 3485 Thrasybulo
1226 3410 1335 3474 iudicia

153 3501 270 3577 iniqua,
300 3515 335 3557 ea
362 3498 425 3557 lere
453 3502 554 3559 omnia
584 3510 704 3576 praeter
727 3499 830 3578 Lysiae
859 3502 1008 3560 orationes
1037 3500 1083 3560 his
1107 3503 1335 3572 scholiastarum

154 3597 334 3656 testimoniis
363 3596 566 3657 continentur.
619 3596 801 3658 scholiastae
832 3604 947 3677 autem,
980 3600 1119 3677 quoniam
1152 3619 1188 3660 ex
1221 3605 1334 3668 Aristo-

154 3693 262 3772 phanis
292 3689 394 3752 u'erhis
425 3709 576 3770 nusquam
607 3702 742 3773 apparet,
774 3701 875 3755 utrum
905 3694 1080 3774 Collytensis
1110 3715 1147 3756 an
1177 3697 1333 3766 Stiriensis

155 3789 374 3868 intellegendus
403 3792 456 3871 sit,
487 3807 585 3850 nonne
613 3791 702 3850 etiam
731 3790 766 3852 de
791 3791 952 3871 Collytensi
981 3795 1109 3870 cogitare
1138 3795 1173 3855 ad
1202 3817 1331 3880 eumque

156 3889 339 3968 pertinentia
362 3886 503 3965 colligere
527 3895 698 3966 potuerunt,
722 3888 758 3947 de
783 3907 841 3966 qao
865 3909 934 3950 sane
960 3889 1037 3969 apud
1061 3889 1176 3968 Lysiam
1201 3887 1268 3977 (26,
1291 3897 1331 3960 13

156 3993 187 4045 et
215 3981 286 4064 23),
317 3983 497 4045 Aeschinem
524 3979 668 4064 (Ctesiph.
696 3983 725 4060 ἓ.
751 3981 843 4065 138),
871 3987 1096 4048 Demosthenem
1128 3983 1172 4070 (in
1200 3990 1329 4056 Timoer.

155 4101 184 4162 p.
210 4078 283 4162 742,
311 4081 342 4158 ᾖ.
369 4079 447 4162 134)
480 4079 546 4142 talia
579 4084 737 4142 memoriae
769 4082 884 4161 prodita
917 4093 999 4165 sunt,
1036 4095 1071 4146 ut
1103 4087 1327 4154 scholiastarurn

155 4178 266 4241 iudicia
285 4181 389 4257 iniqua
409 4198 468 4240 nou
487 4181 579 4258 magis
597 4179 632 4240 ad
653 4179 827 4242 Stiriensem
846 4200 934 4260 quam
953 4184 989 4244 ad
1007 4183 1203 4262 Collytensem
1223 4190 1330 4252 reterri

156 4278 283 4358 possint.
331 4276 391 4338 Sed
416 4295 474 4338 non
499 4286 544 4338 est
567 4287 617 4339 aut
641 4297 739 4339 meum
762 4287 813 4338 aut
835 4279 925 4342 huius
948 4280 1004 4341 loci
1028 4281 1104 4341 hanc
1128 4288 1329 4361 quaestionem

157 4375 340 4456 diiudicare3
369 4377 442 4436 satis
465 4384 510 4437 est
533 4393 596 4436 eam
620 4379 760 4454 tetigisse.
805 4376 849 4437 lid
873 4378 911 4458 id,
935 4379 1012 4458 quod
1037 4378 1122 4440 nobis
1145 4386 1329 4462 propositum

158 4481 237 4552 erat,
266 4476 340 4535 satis
364 4473 502 4536 ellectum
525 4475 595 4554 erit,
624 4473 687 4554 uhi,
714 4477 741 4534 si
763 4493 823 4534 non
846 4477 876 4536 in
899 4476 992 4538 altero
1015 4477 1196 4540 scholiorum
1219 4499 1328 4560 genere
