3246 5250
656 375 874 440 ..95-

175 557 302 619 prorsus
321 536 542 598 deturhauerit:
562 535 612 597 uhi
637 537 724 615 enim,
747 535 857 615 hercle,
875 539 1039 598 consistere
1060 535 1112 596 tihi
1128 537 1239 596 uideris
1253 555 1351 618 posse,

176 639 201 696 si
226 639 332 696 e'orum
356 653 492 714 magnam
516 641 629 713 partem
654 652 756 693 errore
780 635 881 694 nescio
909 653 968 712 quo
997 634 1045 694 uel
1073 637 1148 694 uitio
1171 637 1250 694 inter
1273 633 1351 694 Pluti

176 736 286 813 prioris
306 733 449 811 reliquias
469 733 627 811 irrepsisse
647 727 853 792 concesseris?
886 731 996 792 Tamen
1021 750 1078 814 me,
1102 734 1154 810 qui
1177 741 1351 811 argumento

175 833 354 911 grauissimo
384 833 474 890 etiam
508 830 691 908 reliquorum
725 823 867 888 ‘duorum
901 827 949 888 uel
978 823 1085 888 trium'
1118 830 1350 907 fragmentorum

175 931 377 1006 integritatem
396 930 571 1006 impugnare
592 924 665 985 mihi
684 926 796 998 uidear,
821 943 876 1006 me,
899 927 1031 1006 inquam,
1054 925 1105 985 uhi
1124 933 1156 985 tu
1176 933 1351 985 cunctanter

175 1029 368 1106 constiteras,
396 1025 465 1086 inde
489 1026 606 1104 longius
630 1043 689 1084 non
714 1022 869 1103 audacter,
892 1023 944 1083 sed
968 1023 1116 1102 impauide
1140 1023 1350 1101 procedentem

174 1135 337 1186 secuturus
367 1143 426 1185 non
456 1121 512 1184 es?
559 1120 618 1182 Sed
645 1122 718 1182 haec
746 1119 903 1182 hactenus!
950 1121 991 1180 lle
1015 1120 1140 1198 singulis
1163 1139 1243 1180 nunc
1268 1120 1349 1180 uide—

174 1241 261 1283 amus
285 1222 354 1300 quid
378 1221 569 1282 iudicandum
594 1221 634 1278 sit
658 1220 838 1295 iragmentis.

266 1319 295 1396 ξ.
319 1317 365 1380 12.
401 1319 497 1398 Atque
519 1318 625 1396 primo
655 1315 719 1376 loco
744 1333 862 1395 eorum,
891 1336 965 1395 quae
989 1316 1165 1397 simpliciter
1189 1315 1274 1376 Pluto
1299 1318 1350 1376 tri·

175 1417 321 1494 huuutur,
335 1417 565 1496 lragmentorum
577 1412 713 1474 Kockius
727 1416 826 1493 posuit
839 1415 1053 1476 Antiatticistae
1069 1413 1160 1474 uerha
1175 1416 1204 1472 in
1223 1412 1352 1472 Bekkeri

176 1513 336 1575 Anecdotis
360 1510 412 1594 84,
434 1511 455 1574 4
477 1514 564 1574 haec:

270 1605 367 1692 βλάξ,
394 1604 585 1691 βλακεύειν,
616 1601 856 1688 βλακεύεσθαι,
879 1604 934 1670 καὶ
957 1603 1076 1690 βλάκες
1099 1604 1153 1670 καὶ
1176 1606 1351 1689 βλακικῶς·

179 1705 324 1772 Πλάτων
353 1708 493 1792 Γοργίᾳ,
520 1699 537 1768 ὁ
567 1695 673 1778 αὐτὸς
701 1698 912 1791 Εὐθυδήμῳ,
938 1698 1178 1788 Ἀριστοφάνης
1201 1700 1351 1790 Πλούτῳ.

269 1807 347 1868 llaec
371 1810 397 1868 si
421 1807 481 1867 sola
503 1805 685 1865 haberemus
704 1805 917 1864 Antiatticistae
938 1805 1038 1884 uerha,
1062 1825 1099 1865 ne
1118 1805 1265 1866 llockium
1288 1807 1351 1883 qui-

179 1905 258 1985 dem,
282 1905 352 1983 quid
377 1908 406 1964 in
428 1902 633 1981 Aristophanis
653 1901 740 1962 Pluto
761 1901 873 1963 dictum
892 1923 958 1964 esse
978 1913 1104 1984 putaret,
1128 1903 1353 1982 exsculpturum

180 2004 272 2064 luisse
306 2005 497 2082 sponsionem
527 2001 670 2080 lacerem3
703 2018 800 2079 neque
832 2005 910 2061 enim
939 2022 974 2061 ex
1003 2005 1060 2080 eis,
1095 2020 1170 2079 qtrae
1199 2007 1352 2078 praeterea

180 2102 355 2180 atteruntur,
375 2098 518 2177 exemplis
533 2096 594 2157 ullo
609 2097 697 2157 modo
713 2097 890 2158 concludere
910 2098 988 2180 licet,
1007 2118 1115 2160 uocum
1136 2100 1351 2158 nominatarum

179 2197 277 2276 qualis
301 2199 331 2257 in
355 2197 561 2275 Aristophanis
584 2195 670 2255 Pluto
695 2195 786 2256 luisse
810 2198 950 2273 potuerit.
996 2197 1096 2258 Altero
1120 2199 1200 2256 enim
1222 2195 1353 2256 Platonis

178 2294 254 2373 loco,
278 2298 329 2372 qui
352 2305 398 2354 est
421 2295 595 2372 Gorgiaep.
614 2289 761 2354 4883:
764 2285 806 2352 σὺ
830 2280 903 2372 οὖν,
931 2286 1040 2373 ὥσπερ
1064 2288 1153 2374 ἤρξω
1176 2295 1353 2355 νουθετειν

179 2411 236 2502 με,
270 2385 314 2471 μή
347 2383 507 2473 ἀποστῇς,
540 2381 613 2450 ἀλλ’
647 2387 769 2462 ἱκανῶς
801 2411 858 2470 μοι
891 2387 1047 2470 ἔνδειξαι,
1077 2392 1113 2453 τί
1142 2391 1210 2452 ἔστι
1241 2387 1352 2496 τοῦτο,

180 2508 228 2548 ο.
274 2509 356 2549 ,και
345 2483 435 2550 ἐάν
457 2509 496 2568 με
519 2481 623 2569 λάβῃς
646 2484 711 2548 νῦν
735 2483 797 2598 μέν
820 2503 874 2549 σοι
898 2479 1163 2602 ὁμολογήσαντα,
1187 2484 1224 2549 ἐν
1247 2480 1283 2548 δὲ
1306 2484 1352 2571 τῷ

178 2575 306 2699 ὑστέρῳ
317 2583 445 2694 ’χρόνῳ
474 2577 518 2665 μή
546 2582 649 2646 ταῦτα
677 2578 879 2664 πράττοντα,
907 2578 990 2666 ἅπερ
1021 2578 1234 2668 ὡμολόγησα,
1262 2578 1353 2646 πάνυ

178 2702 220 2762 με
247 2674 332 2762 ἡγοῦ
359 2681 483 2762 βλᾶκα
511 2703 599 2743 ειναι
627 2677 682 2743 καὶ
710 2678 795 2744 recl?
818 2686 958 2763 scriptam
984 2687 1119 2746 uidemus
1149 2701 1252 2744 uocem
1277 2701 1352 2761 quae

178 2789 227 2841 est
248 2773 343 2859 βλάξ,
367 2781 459 2841 altero
479 2800 561 2861 uero,
585 2783 636 2860 qui
655 2790 752 2842 exstat
769 2784 799 2844 in
819 2783 997 2861 Euthydemi
1016 2804 1044 2862 p.
1063 2781 1126 2844 287
1139 2782 1183 2842 Ee
1201 2777 1251 2842 ‘rt'
1271 2773 1352 2842 ἄλλο
1372 2797 1375 2802 ·

178 2897 228 2957 γε,
251 2863 294 2958 ήν
315 2868 346 2937 d'
368 2871 444 2958 ἐγιό,
467 2869 488 2958 ή
509 2871 693 2957 ἐξήμαρτον
712 2872 769 2939 διὰ
788 2871 850 2957 τήν
872 2875 1094 2957 βλακείαν;’
1119 2899 1175 2940 uox
1200 2881 1353 2939 inuenitur

181 2993 257 3053 quae
277 2987 322 3036 est
340 2975 487 3055 βλακεία,
512 2995 586 3055 quae
607 2985 705 3036 tamen
725 2977 762 3036 ab
781 2978 977 3038 Antiatticista
999 2979 1030 3036 in
1054 2987 1215 3056 conspectu
1240 2995 1352 3058 eorum,

180 3089 348 3150 quaecum
372 3093 446 3134 uoce
469 3067 551 3152 βλάξ
576 3074 710 3135 eiusdem
732 3075 841 3136 radicis
865 3084 948 3155 sunt,
978 3075 1190 3136 uocabulorum
1219 3094 1278 3136 non
1307 3085 1353 3136 est

179 3181 360 3232 enumerata.

269 3269 354 3329 Nulla
377 3271 468 3348 igitur
491 3287 524 3328 re
548 3271 691 3349 cogimur,
715 3277 748 3329 ut
767 3269 843 3329 hanc
862 3272 955 3349 ipsam
975 3289 1080 3331 uocem
1100 3290 1175 3350 quae
1194 3280 1241 3330 est
1258 3264 1351 3350 βλάξ,

179 3369 211 3426 in
233 3366 438 3446 Aristophanis
461 3366 548 3427 Pluto
570 3368 701 3428 inueniri
724 3367 834 3428 dehere
863 3378 1035 3430 statuamus.
1081 3369 1160 3429 Nihil
1184 3381 1242 3451 est,
1271 3369 1350 3448 quod

181 3481 240 3524 non
268 3467 505 3545 acquiescamus
533 3467 571 3545 si,
601 3473 635 3525 ut
660 3468 691 3524 in
718 3464 850 3526 Platonis
877 3463 1063 3546 Euthydemo
1092 3486 1150 3526 non
1179 3476 1229 3527 aut
1256 3470 1350 3546 ipsam

181 3579 284 3622 uocem
313 3580 388 3640 quae
417 3575 464 3622 est
492 3556 575 3642 βλάξ
602 3569 653 3623 aut
680 3562 766 3623 aliam
789 3561 916 3640 aliquam
941 3581 1057 3643 earum,
1085 3581 1159 3641 quac
1184 3566 1351 3624 nominatae

179 3669 278 3739 erant,
305 3661 490 3739 inuenimus‚
518 3662 560 3720 sic
589 3679 625 3720 ne
654 3662 684 3720 in
707 3659 794 3720 Pluto
818 3659 937 3736 quidem
962 3659 1176 3739 Aristophaneo
1199 3660 1227 3718 id
1252 3663 1350 3739 ipsum

178 3748 275 3834 βλάξ,
298 3754 350 3816 sed
373 3756 452 3817 aliud
476 3756 608 3817 eiusdem
628 3757 736 3819 radicis
755 3754 934 3817 uocabulum
953 3759 1245 3836 inuestiganerimus.
1281 3757 1352 3819 Tale

178 3863 278 3915 autem
310 3853 488 3916 uocabulum
520 3873 627 3916 reuera
659 3863 756 3916 exstat
787 3856 876 3914 etiam
907 3856 937 3913 in
970 3872 1018 3934 ea,
1051 3873 1126 3933 quae
1153 3854 1190 3914 ad
1220 3861 1352 3914 nostram

179 3954 352 4014 memoriam
376 3953 496 4033 mansit,
518 3952 597 4014 Pluti
621 3953 731 4036 lahula;
754 3961 801 4014 est
819 3970 927 4012 uersus
950 3948 1029 4013 325:

359 4085 544 4174 ἀσπάζομαι
568 4089 613 4173 d',
637 4087 709 4176 ὁτιή
733 4085 917 4175 προθύμως
939 4085 1033 4174 ήκετε

359 4187 415 4254 καὶ
438 4187 686 4274 συντεταμένως
708 4185 772 4254 κού
793 4186 1170 4271 κατεβλακευμένως.

269 4335 325 4395 Sed
359 4333 507 4413 quomodo
536 4333 665 4395 lloclrius
697 4337 727 4395 in
761 4351 824 4394 eam
857 4336 1032 4394 sententiam
1066 4333 1182 4412 incidit,
1215 4345 1248 4395 ut
1275 4334 1348 4394 haec

178 4435 392 4494 lntiauicisue
417 4432 508 4493 uerba
532 4431 567 4492 ad
586 4431 706 4493 Plutum
729 4435 859 4512 priorem
883 4433 1034 4511 pertinere
1059 4427 1199 4511 putaret?
1235 4431 1346 4513 Nempe
