3246 5250
773 411 992 476 -ςς-

303 582 386 655 sunt,
414 581 447 634 ut
469 576 603 652 ipsorum
627 573 852 634 scholiastarum
874 567 1198 654 αύτοσχεδιιίσματα,
1229 581 1331 634 contra
1360 592 1375 633 a
1400 573 1475 632 uiris

303 673 375 732 satis
394 671 519 732 literatis
542 674 675 750 prolecta
700 691 765 732 esse
785 671 953 753 uideantur,
977 674 1028 750 qui
1052 674 1078 731 si
1101 671 1228 752 illorum,
1253 689 1327 750 quos
1351 672 1411 732 huc
1430 691 1474 732 re·

302 770 430 848 lerrent,
458 770 591 830 locorum
620 788 767 830 memores
796 777 894 850 erant,
925 787 983 828 non
1008 769 1109 848 uideo,
1134 787 1188 829 cur
1212 771 1255 829 eis
1278 769 1355 830 Pluti
1380 768 1474 848 dupli·

301 885 367 926 cem
382 869 586 927 recensionem
607 884 732 944 prorsus
752 869 883 945 ignotam
902 867 994 927 luisse
1013 866 1156 927 iudicem:
1175 866 1247 926 illud
1263 869 1383 946 inquam
1403 868 1475 927 mihi

300 963 483 1043 probabilius
512 965 680 1044 uideretur,
711 966 769 1024 nisi
796 981 920 1042 prorsus
948 963 1033 1024 aliam
1063 965 1180 1043 ingredi
1213 966 1291 1025 uiam
1323 975 1474 1043 praestare

301 1064 507 1123 existimarem.

389 1159 417 1236 ξ.
447 1157 475 1220 3.
521 1159 647 1219 Exstant
676 1162 753 1219 enim
787 1163 865 1220 inter
898 1159 1070 1220 scholiastes
1103 1161 1130 1218 ei
1168 1176 1300 1239 quoque,
1333 1161 1385 1238 qui
1414 1179 1473 1218 non

299 1261 506 1338 posteriorem,
531 1257 582 1316 sed
606 1259 738 1336 priorem
757 1255 835 1316 Pluti
859 1255 986 1316 fabulam
1011 1256 1110 1335 legere
1134 1257 1190 1316 sibi
1213 1259 1271 1316 uisi
1295 1259 1363 1336 sint,
1388 1259 1474 1334 eique

301 1357 420 1415 minime
450 1355 538 1434 uiles,
569 1355 620 1414 sed
652 1357 703 1433 qui
732 1373 768 1414 ex
796 1353 969 1414 auctoribus
999 1356 1070 1415 satis
1099 1357 1227 1433 antiquis
1256 1373 1309 1414 sua
1339 1354 1474 1414 hausisse

299 1453 421 1530 putandi
442 1455 509 1513 sint.
556 1453 613 1522 Qut
637 1451 707 1531 quid
727 1452 937 1531 iudicauerint,
962 1453 1101 1529 quoniam
1120 1454 1239 1512 maximi
1259 1455 1401 1512 momenti
1419 1461 1474 1531 est,

300 1550 484 1630 singulorum
507 1550 696 1630 pertractabo
719 1553 783 1628 ipsa
806 1549 906 1610 uerba.

387 1647 410 1707 1.
446 1648 542 1726 Atque
571 1651 700 1728 primum
719 1649 838 1708 afferam
862 1650 1065 1707 testimonium
1094 1647 1268 1708 scholiastae
1293 1648 1327 1707 ad
1349 1667 1378 1708 u.
1398 1645 1473 1708 972.

300 1744 328 1805 ls
353 1747 432 1806 enim
455 1746 491 1805 ad
515 1764 637 1805 uersum
661 1743 726 1806 972
746 1745 951 1824 explicandum
976 1748 1027 1825 qui
1051 1756 1108 1807 est:
1202 1754 1203 1757 ’

511 1877 578 1948 ἀλλ’
599 1876 639 1948 ού
663 1877 797 1967 λαχούσ
819 1885 929 1959 ἔπινες
952 1883 989 1949 ἐν
1007 1885 1052 1972 τῷ
1076 1881 1259 1970 μρύμμοιτις

299 2028 371 2088 haec
395 2028 529 2090 adnotat:
555 2020 629 2110 παρ’
654 2019 822 2090 ὑπόνοιαν
850 2019 926 2090 αντὶ
957 2026 1019 2090 τού
1052 2027 1204 2105 ἐύίκαζες.
1238 2022 1288 2092 ὅτι
1321 2024 1358 2091 δὲ
1389 2024 1473 2094 κατὰ

299 2119 435 2207 γράμμα
453 2123 657 2208 ἐκληροῦντο
673 2121 750 2208 (soil.
771 2123 806 2187 ολ
819 2122 997 2208 δικασταί),
1015 2127 1222 2208 προείρηται·
1243 2119 1283 2188 ού
1301 2119 1368 2208 μὴν
1387 2119 1473 2189 ἄλλα

299 2220 355 2285 καὶ
379 2220 560 2303 ἐβούλευον
585 2208 677 2285 οὗτοι
700 2222 745 2308 τῷ
770 2216 834 2304 πρὸ
854 2217 978 2284 τούτου
1001 2223 1063 2284 ἔτει
1088 2217 1279 2304 ἀρξάμενοι·
1303 2221 1387 2305 φησὶ
1407 2217 1472 2304 γὰρ

303 2313 501 2404 Φιλόχορος,
529 2309 581 2382 ε’πὶ
609 2321 825 2382 Γλαυκίππου
852 2316 907 2381 καὶ
935 2313 955 2400 ἡ
980 2315 1086 2401 βουλὴ
1118 2315 1192 2382 τότε
1223 2319 1357 2401 πρῶτον
1388 2317 1472 2384 κατὰ

301 2412 435 2500 γράμμα
464 2415 644 2494 ἐκαθέζετο.
696 2419 875 2498 Glaucippus
902 2427 1000 2478 autem
1031 2421 1112 2499 quia,
1146 2428 1178 2479 ut
1210 2439 1299 2498 supra
1332 2421 1472 2501 uidimuS,

299 2517 410 2577 archon
434 2527 497 2578 erat
517 2535 679 2596 eponymus
699 2518 768 2576 anni
785 2512 902 2598 stole,
925 2516 995 2578 inde
1013 2516 1247 2577 luculentissime
1268 2521 1472 2600 consequitur,

299 2617 350 2693 qui
378 2615 451 2675 haec
479 2615 571 2676 uerba
600 2617 768 2695 scripserit,
796 2633 865 2674 eum
893 2613 1013 2674 Plutum
1041 2617 1172 2692 priorem
1200 2615 1256 2675 sibi
1289 2617 1471 2676 tractandam

297 2731 363 2772 esse
388 2715 548 2773 censuisse.

387 2811 422 2870 11.
459 2811 540 2871 idem
568 2811 765 2891 colligendum
793 2819 839 2872 est
867 2829 903 2870 ex
927 2811 1028 2872 uerbis
1057 2811 1160 2872 scholii
1184 2812 1219 2872 ad
1246 2831 1274 2872 u.
1301 2810 1394 2890 1146,
1419 2814 1472 2874 uhi

297 2909 331 2968 ad
358 2908 538 2988 explananda
560 2909 701 2970 Mercurii
719 2908 812 2969 uerba
835 2909 922 2971 haec:

479 3043 523 3130 μη
547 3043 806 3132 μνησικακήσῃς,
830 3051 859 3112 εί
881 3043 924 3112 σύ
949 3044 1066 3131 Φυλὴν
1089 3041 1294 3129 κατέλαβες·Ι

297 3202 454 3273 postquam
482 3193 529 3254 lox
558 3193 607 3254 illa
636 3193 795 3254 obliuionis
824 3196 979 3256 notissima
1007 3194 1092 3255 allata
1120 3204 1179 3274 est,
1207 3194 1286 3254 idem
1316 3194 1365 3254 uel
1394 3196 1471 3256 alius

298 3292 417 3370 quidam
432 3294 581 3370 interpres
597 3293 640 3352 sic
654 3291 754 3352 dicere
769 3294 879 3371 pergit:
902 3284 986 3352 ἀλλὰ
1000 3284 1104 3354 ταῦτά
1123 3311 1160 3370 με
1176 3283 1268 3352 udum
1288 3287 1470 3374 ἐπέπρακτο

298 3382 378 3450 oaldi
407 3382 447 3448 τὰ
476 3383 528 3450 ἐπὶ
550 3387 619 3451 τῶν
641 3382 819 3469 τριάκοντα
849 3381 914 3469 ἤδη
939 3375 993 3469 ἦν,
1017 3381 1102 3450 ἀλλὰ
1124 3383 1191 3468 καὶ,
1215 3380 1259 3462 ὦς
1285 3383 1472 3470 Φιλόχορός

296 3501 412 3566 φησιν,
440 3482 573 3570 πέμπτῳ
602 3485 666 3547 ἔτει
693 3481 836 3566 ὕστερον
868 3487 963 3566 νίκης
994 3481 1051 3565 (sic
1083 3487 1161 3548 haud
1195 3488 1257 3548 scio
1290 3507 1326 3547 an
1359 3491 1470 3567 optime

297 3585 431 3664 suppleri
449 3578 558 3667 possit)
576 3581 635 3664 τῆς
653 3575 896 3664 Θρασυβούλου
914 3579 1096 3666 γενομένης
1114 3583 1253 3666 Κριτίας
1267 3581 1303 3646 ἐν
1320 3587 1474 3665 Πειραιεῖ

297 3680 441 3763 τελευτᾷ.
480 3680 579 3744 τοῦτο
604 3667 667 3743 ούν
695 3679 784 3744 ἔοικέ
804 3701 853 3754 τις
881 3679 916 3743 ἐκ
939 3680 1000 3743 τοῦ
1023 3678 1182 3763 δευτέρον
1210 3676 1369 3744 Πλούτου
1398 3705 1470 3764 μετ-

297 3772 442 3858 ενεγκὼν
471 3773 596 3841 ἐνθάδε
625 3769 828 3858 ὀλιγαρῆσαι
851 3783 909 3858 τῆς
936 3771 1073 3859 ἀλογίας
1094 3771 1227 3859 ταύτης,
1248 3769 1268 3860 ἢ
1295 3775 1350 3842 καὶ
1368 3774 1472 3855 αὐτὸς

297 3869 316 3939 ὁ
339 3870 476 3958 ποιητὴς
499 3872 642 3959 ὕστερον
667 3873 826 3938 ἐνθεῖναι.
863 3875 981 3937 Etenim
1000 3878 1072 3938 haec
1092 3896 1210 3957 quoque
1235 3881 1285 3958 qui
1299 3879 1472 3961 perlegerit,

297 3979 325 4036 ei
352 3977 476 4037 dubium
505 3995 564 4037 non
593 3979 663 4056 erit,
692 3977 763 4054 quin
793 3975 841 4034 hic
869 3973 1026 4035 scholiasta
1050 3995 1095 4036 se.
1110 3979 1241 4056 priorem
1263 3977 1470 4057 Aristophanis

297 4074 418 4135 Plutum
437 4074 573 4135 manibus
593 4083 691 4135 terere
716 4072 772 4133 sibi
797 4075 881 4133 uisus
904 4075 952 4149 sit,
976 4071 1032 4134 hoc
1056 4083 1153 4134 tamen
1172 4074 1344 4135 discrimine
1363 4074 1399 4135 ab
1418 4066 1470 4135 illo

297 4172 454 4232 scholiasta
477 4172 691 4252 intercedente,
723 4179 764 4250 ut,
788 4187 855 4230 cum
879 4188 942 4230 rem
967 4172 1113 4250 quondam
1135 4173 1323 4250 perstrictam
1344 4173 1470 4255 uideret,

297 4289 372 4348 quae
400 4273 532 4349 quinque
563 4273 647 4330 annis
674 4276 743 4348 post
765 4268 886 4329 Plutum
913 4269 1044 4346 priorem
1068 4269 1183 4330 doctam
1207 4272 1365 4350 euenisset,
1391 4269 1469 4332 hanc

296 4367 425 4432 lahulam
451 4387 509 4428 non
534 4386 646 4428 meram
670 4370 816 4448 priorem,
839 4367 891 4427 sed
914 4365 988 4426 locis
1012 4367 1188 4446 quibusdam
1212 4387 1247 4428 ex
1270 4366 1318 4427 illa
1342 4370 1372 4427 in
1391 4367 1469 4429 hanc

295 4465 446 4527 translatis
469 4465 677 4546 interpolatam
701 4473 732 4526 et
755 4467 841 4545 quasi
863 4468 1091 4526 contaminatam
1115 4485 1181 4526 esse
1204 4473 1372 4527 statueret*
