3246 5250
771 402 992 468 „34-

299 563 401 646 igitur,
420 569 471 645 qui
486 573 633 626 uocantur
648 562 683 626 ol
703 559 777 646 περὶ
797 564 1060 646 Καλλίστρατον,
1080 567 1108 627 h.
1124 586 1148 627 e.
1169 568 1332 628 secundum
1352 565 1483 626 scholia-

299 672 412 723 starum
436 681 549 722 morem
573 663 714 742 loquendi
745 662 793 722 ucl
816 664 881 741 ipse
906 662 1090 724 Callistratus
1114 664 1194 725 solus
1218 665 1266 725 uel
1290 663 1482 724 Callistratus

299 763 423 839 eiusque
452 760 591 840 discipuli
616 793 656 802 —
681 760 713 820 hi
740 762 831 838 igitur
860 779 942 840 eum,
970 764 1022 839 qui
1054 761 1089 822 ab
1118 763 1314 842 Aristophane
1347 779 1483 822 comme·

299 867 482 938 moraretur,
512 857 697 917 Philonidcm
721 858 848 918 eundem
870 876 935 918 esse
960 858 1106 919 docebant
1129 870 1217 938 atquc
1241 869 1363 939 poetam·
1383 858 1484 940 illum,

299 958 346 1015 cui
381 954 595 1034 Aristophanes
627 954 797 1033 complures
831 955 997 1015 comoedias
1031 958 1061 1015 in
1095 975 1214 1018 scenam
1248 954 1482 1018 committendas

299 1052 421 1113 tradidit
449 1054 594 1131 cuiusque
615 1051 779 1112 fabularum
810 1054 898 1111 etiam
922 1071 1002 1114 nunc
1026 1054 1138 1133 aliquot
1161 1065 1278 1116 exstant
1301 1057 1482 1132 fragmenta.

301 1150 332 1209 Si
352 1149 517 1210 scholiastis
538 1142 621 1232 (nub.
639 1143 717 1230 510)
737 1149 825 1209 fidem
844 1149 996 1230 habemus
1016 1152 1236 1236 Aristophanes,
1255 1162 1289 1213 ut
1307 1151 1358 1212 alii
1370 1157 1483 1230 poetae

301 1267 369 1308 suas
389 1247 556 1308 comoedias
576 1246 723 1307 docendas
743 1246 904 1328 mandaret,
927 1247 991 1326 lege
1011 1249 1135 1327 quadam
1155 1258 1320 1310 commotus
1344 1259 1399 1328 est,
1419 1265 1481 1326 qua

300 1348 446 1407 sancitum
470 1354 542 1426 erat,
567 1363 603 1405 ne
628 1347 696 1423 quis
720 1346 840 1422 triginta
864 1348 961 1404 minor
984 1349 1070 1407 annis
1094 1356 1165 1408 natu
1189 1346 1317 1408 fabulam
1343 1346 1481 1407 doceret.

300 1443 382 1513 Quae
406 1461 494 1503 causa
514 1460 692 1520 quamquam
712 1444 879 1502 certissime
904 1442 974 1503 falsa
996 1452 1049 1524 est,
1074 1454 1171 1504 tamen
1190 1446 1247 1504 hoc
1267 1444 1335 1504 inde
1355 1442 1480 1504 conclu-

300 1541 370 1600 dere
395 1540 478 1620 licct,
503 1539 703 1600 Callistratum
726 1541 783 1599 iam
808 1557 884 1598 anno
908 1537 972 1600 427
998 1534 1061 1620 (nel
1084 1535 1164 1622 426)
1185 1544 1304 1618 triginta
1329 1559 1480 1600 annorum

300 1638 406 1716 luisse,
434 1639 475 1697 ita
503 1646 536 1696 ut
565 1655 635 1696 sanc
664 1635 749 1696 facile
777 1638 809 1696 in
832 1635 919 1695 Pluto
947 1638 1047 1715 priore
1077 1639 1238 1716 perstringi
1262 1647 1370 1716 posset.
1417 1636 1481 1697 Sed

301 1751 430 1813 quonam
453 1734 540 1793 modo
569 1733 689 1813 accidit,
719 1741 753 1793 ut
780 1733 965 1793 Callistratus
997 1733 1076 1794 hunc
1108 1736 1209 1812 potius
1241 1744 1358 1813 poetam
1387 1753 1480 1813 quam

301 1826 512 1894 ‘Corinthium'
536 1831 618 1891 illum
643 1832 766 1892 diuitem
786 1832 946 1910 significari
970 1829 1027 1890 sibi
1049 1829 1266 1909 persuaderet?
1298 1832 1479 1910 Ignotumne

302 1933 329 1990 ci
352 1939 425 2010 crat,
449 1929 527 2008 qnod
552 1928 588 1987 de
610 1928 764 1987 Philonide
784 1924 982 1987 narrabatur?
1004 1927 1105 1988 Potuit
1125 1929 1153 1988 id
1178 1929 1297 2007 quidem
1321 1930 1400 2008 Peri3
1423 1929 1480 1988 sed

301 2031 327 2088 si
355 2030 538 2107 posteriores
566 2029 747 2106 interpretes
776 2033 835 2086 tam
862 2024 986 2085 uberem
1015 2025 1154 2086 similium
1183 2026 1317 2088 locorum
1341 2028 1481 2086 notitiam

300 2125 457 2205 habebant,
485 2124 684 2184 Callistratum
712 2125 830 2184 inscitia
853 2122 1016 2182 Philonidis
1041 2118 1208 2183 ‘Corinthii’
1237 2127 1334 2184 minus
1354 2143 1481 2204 persua-

302 2224 372 2284 dere
392 2223 464 2283 mihi
478 2240 600 2301 possum
620 2221 780 2281 adductum
798 2239 873 2300 esse,
893 2230 925 2280 nt
939 2226 1057 2298 poetam
1077 2219 1159 2280 illum
1175 2223 1334 2300 significari
1352 2222 1481 2282 diceret.

302 2321 370 2380 Veri
399 2320 525 2380 similius
553 2320 723 2397 putauerim
751 2316 951 2377 Callistratum
985 2326 1152 2395 temporum
1185 2321 1299 2380 ratione
1332 2318 1368 2378 ad
1400 2319 1481 2378 hanc

302 2420 480 2480 sententiam
502 2417 664 2496 impulsum
689 2433 763 2476 osse.
806 2414 952 2475 Credebat
980 2417 1121 2476 nimirum
1145 2433 1177 2475 se
1200 2420 1333 2496 priorem
1355 2417 1480 2476 Plutum

304 2515 438 2576 manibus
458 2525 572 2595 terere;
596 2533 630 2574 ac
649 2513 775 2573 fortasse
800 2531 836 2572 cx
855 2515 907 2592 eis,
931 2516 983 2592 qui
1001 2515 1028 2572 ei
1046 2521 1165 2592 praesto
1184 2524 1277 2590 erant,
1301 2515 1373 2575 locis
1397 2517 1481 2574 simi-

301 2614 379 2675 libus
409 2633 442 2673 ea
471 2615 601 2693 suspicio
630 2615 657 2671 ei
685 2611 789 2671 oborta
818 2618 877 2690 est,
905 2627 980 2688 quac
1013 2610 1228 2688 interpretibus
1259 2611 1482 2691 posterioribus

303 2712 406 2772 oborta
437 2730 497 2772 non
526 2718 585 2791 est,
612 2708 797 2769 Philonidem
826 2702 1037 2769 ‘Corinthium'
1053 2706 1114 2768 uel
1143 2708 1326 2770 Melitensem
1353 2709 1441 2769 Pluto
1466 2709 1483 2768 1

302 2813 499 2889 posteriorem
520 2810 619 2869 luisse.
661 2807 764 2888 ltaque
788 2807 872 2868 aliam
897 2807 961 2865 eius
980 2806 1108 2865 nominis
1128 2825 1285 2885 personam
1305 2806 1482 2885 intellegen-

303 2908 370 2967 dam
390 2926 454 2967 esse
479 2906 695 2986 quodammodo
715 2915 835 2966 coactus
859 2911 931 2985 erat,
955 2915 989 2963 ut
1012 2902 1070 2962 sibi
1092 2904 1296 2981 persuaderet.
1339 2904 1396 2965 Sed
1421 2905 1482 2965 hoc

303 3013 371 3066 utut
390 3016 445 3085 est,
469 3013 607 3065 certene
627 3006 657 3063 in
681 3005 745 3063 eius
770 3003 890 3081 quidem
908 3002 1120 3061 commentario
1139 3000 1260 3061 Plutum
1280 3004 1482 3080 posteriorem

303 3103 430 3164 fabulam
455 3121 521 3163 csse
545 3104 712 3182 expositum
737 3111 813 3181 erat3
841 3099 921 3179 quod
944 3101 970 3157 si
993 3097 1114 3178 luisset,
1138 3099 1386 3177 quemadmodum
1410 3108 1484 3178 post

304 3200 504 3261 Callistratum
528 3203 665 3279 egregius
688 3199 725 3259 de
748 3198 835 3260 Pluto
858 3199 871 3257 l
895 3214 980 3257 error
1004 3198 1149 3257 committi
1171 3194 1290 3276 potuit?

392 3298 453 3358 lam
474 3297 658 3358 Callistratus
676 3297 725 3357 illa
750 3301 816 3377 quis
840 3296 939 3374 luerit,
962 3293 1127 3354 eruendum
1147 3303 1202 3354 est.
1243 3293 1322 3354 Haeo
1342 3297 1482 3373 quaestio

304 3398 501 3477 paucissumis
521 3394 635 3456 absolui
658 3402 766 3475 potest.
808 3395 886 3454 Satis
910 3394 989 3451 enim
1012 3393 1078 3466 crit,
1102 3395 1128 3452 si
1147 3411 1184 3452 ex
1203 3401 1248 3454 tot
1266 3393 1348 3474 locis,
1368 3393 1483 3472 quibus

306 3494 466 3556 Callistrati
495 3513 602 3556 nomen
631 3496 794 3574 inuenitur,
818 3509 910 3554 unum
933 3508 1061 3569 eumque
1085 3491 1319 3552 illustrissimum
1343 3490 1486 3555 attulero.

305 3590 342 3653 Vt
379 3594 457 3652 enim
489 3590 688 3651 Callistratum
720 3591 770 3653 ucl
801 3591 870 3651 inde
902 3589 1107 3668 Aristophanis
1139 3589 1269 3668 Byzantii
1301 3589 1486 3670 discipulum

305 3690 399 3751 luisse
424 3688 560 3749 concludi
584 3694 691 3769 potest,
714 3688 793 3766 quod
818 3689 935 3766 saepius
959 3689 1033 3747 uiris
1057 3687 1152 3749 doctis
1175 3686 1381 3765 Aristarchcis,
1405 3706 1431 3748 e.
1454 3707 1484 3767 g.

306 3787 461 3867 Apollonio
485 3785 571 3865 (Blau
595 3805 622 3864 p.
642 3781 699 3866 53)
723 3788 893 3866 opponitur,
915 3789 957 3847 ita
980 3805 1040 3846 non
1062 3785 1157 3846 solum
1181 3784 1286 3845 scholii
1305 3785 1341 3844 ad
1360 3784 1484 3847 Thesm.

305 3906 334 3947 u.
357 3882 421 3945 917
444 3882 545 3944 uerbis
566 3883 625 3942 his:
649 3873 796 3957 εἀνάξιος
815 3876 853 3944 dt
878 3874 922 3945 dv
946 3887 996 3963 elo
1017 3874 1035 3944 ὁ
1060 3883 1308 3963 Καλλίστρατος
1330 3876 1486 3945 πιστεύε-

306 3986 388 4045 σθαι
411 3972 456 4054 ὡς
478 3970 521 4042 dv
549 3974 624 4058 περὶ
649 3974 854 4043 διδασκάλου
885 3980 946 4044 τοῦ
971 3974 1234 4062 Ἀριστοφάνους
1265 3975 1393 4061 λέγων’,
1427 3984 1484 4043 scd

307 4084 395 4142 etiam
415 4079 531 4140 duobus
550 4079 693 4140 Athenaei
717 4079 791 4140 locis
814 4084 909 4141 omnis
934 4079 1078 4141 dubitatio
1103 4079 1223 4161 tollitur,
1247 4078 1297 4139 lib.
1320 4077 1333 4138 l
1355 4097 1384 4158 p.
1404 4076 1485 4140 211]

305 4174 578 4257 mwpffiss.

395 4273 426 4334 V.
468 4273 607 4336 Videmus
638 4278 730 4354 igitur
759 4295 796 4337 ne
828 4276 1035 4355 Aristophanis
1068 4275 1187 4353 quidem
1219 4274 1351 4355 Byzantii
1384 4282 1483 4337 aetate

306 4373 425 4434 Plutum
453 4372 581 4434 fabulam
610 4377 806 4454 posteriorem
834 4375 962 4436 habitam
992 4393 1067 4436 csso.
1118 4372 1176 4433 Sed
1204 4391 1241 4433 ne
1269 4390 1320 4432 eos
1350 4372 1483 4454 quidem,

306 4474 358 4552 qui
382 4470 458 4532 ultra
481 4471 685 4552 Aristophanis
705 4483 831 4535 aetatem
849 4474 980 4548 luerunt,
1003 4473 1211 4551 grammaticos
1229 4472 1483 4549 interpretesque,
