3246 5250
777 403 996 469 ..64-

302 568 464 650 posterius,
489 579 521 630 ut
545 567 677 629 Ritterus
709 571 737 629 iu
764 563 931 648 ‘Philologi'
959 570 1109 631 uolumine
1134 567 1177 630 34
1205 589 1232 648 p.
1257 567 1321 631 447
1348 589 1411 650 sqq.
1441 568 1478 631 de

302 666 445 745 Nubibus,
474 670 513 726 ita
544 668 579 726 de
603 667 689 728 Pluto
719 669 838 746 quidem
867 667 963 728 sabula
986 669 1124 747 equidem
1149 687 1203 746 ego
1227 678 1379 748 praestare
1405 670 1477 730 mibi

303 767 407 826 uideor
437 785 524 844 posse
553 785 602 846 eo,
630 776 663 826 ut
691 769 748 827 iam
776 767 1041 827 Alexandrinorum
1077 776 1172 828 aetate
1206 767 1326 828 alteram
1361 777 1478 828 tantum

302 864 484 942 eandemque
496 874 583 942 atque
595 883 674 924 nunc
685 864 762 924 Pluti
777 865 937 924 editionem
954 868 1145 944 superstitem
1161 866 1253 925 luisse
1266 866 1479 945 demonstrem,

304 981 379 1041 quae
404 962 460 1022 illis
489 961 604 1021 fabulae
628 965 692 1022 eius
716 965 843 1023 nominis
867 965 950 1042 prior
974 966 1108 1023 recensio
1134 982 1198 1023 0000
1224 963 1386 1023 uideretur.
1433 965 1477 1023 Ad

303 1060 381 1139 quod
415 1060 603 1120 efficiendum
639 1064 809 1137 praemissis
843 1063 946 1139 paucis
983 1059 1019 1119 de
1052 1060 1131 1120 Pluti
1158 1060 1269 1138 duplici
1302 1064 1477 1122 recensione

301 1160 429 1236 primum
459 1177 474 1217 e
503 1157 622 1217 scholiis
652 1177 728 1238 rem,
757 1160 904 1237 quomodo
933 1178 965 1218 se
994 1157 1111 1237 babeat,
1143 1176 1258 1232 cruam,
1289 1157 1395 1218 deinde
1425 1178 1478 1219 eos

302 1255 487 1334 pertractabo
512 1255 609 1334 locos,
633 1257 684 1333 qui
709 1259 872 1316 sententiae
896 1259 936 1317 ita
961 1258 1112 1335 indagatae
1143 1256 1260 1318 obstare
1284 1256 1479 1337 uidebuntur,

302 1356 321 1414 i.
345 1373 369 1416 e.
395 1355 567 1432 fragmenta,
600 1371 674 1431 quae
698 1353 813 1414 fabulae
837 1355 1008 1433 deperditae
1029 1373 1094 1413 esse
1119 1355 1267 1433 dicuntur,
1292 1364 1322 1414 et
1346 1353 1479 1414 didasca.

301 1451 377 1531 liam,
406 1452 549 1511 Athenaei
577 1450 625 1512 lib.
649 1450 689 1509 111
720 1471 747 1530 p.
772 1449 836 1513 368
861 1452 893 1532 Il,
922 1451 1014 1548 sqbol.
1037 1451 1120 1510 Hom.
1144 1451 1177 1513 ll.
1201 1459 1226 1526 ψ
1251 1449 1324 1531 361,
1347 1452 1400 1512 ubi
1424 1472 1476 1530 po·

301 1550 435 1608 010010οἰ0
459 1550 642 1608 recensionis
667 1551 776 1608 mentio
801 1551 963 1613 inuenitur.

811 1763 902 1834 Pars
930 1763 956 1834 l.

304 1926 350 1997 De
378 1926 470 1996 Pluti
503 1926 697 2014 superstitis
727 1925 1031 1995 Alexandrinorum
1062 1926 1269 2014 temporibus
1303 1928 1477 1998 memoria.

806 2153 920 2233 Caput
945 2153 967 2216 l.

327 2283 386 2350 De
410 2285 534 2350 Pluto
560 2285 660 2364 quid
683 2285 968 2349 iudicauerint
990 2286 1154 2350 ueteres
1177 2286 1442 2368 interpretes

390 2430 419 2508 ξ.
446 2431 472 2494 1.
519 2429 637 2490 Plutum
666 2429 711 2491 bis
740 2433 769 2489 in
800 2447 917 2489 scenam
942 2431 1130 2490 commissam
1159 2449 1224 2491 csse
1249 2441 1369 2510 apparet
1393 2431 1477 2492 lucu-

300 2529 464 2590 lentissime
494 2547 530 2588 ex
558 2526 647 2587 schol.
677 2526 753 2588 Plut.
783 2547 808 2586 v.
835 2524 911 2606 173,
940 2526 991 2586 ubi
1015 2526 1171 2588 scholiasta
1201 2528 1328 2589 fabulam
1352 2529 1475 2590 alteram

303 2627 376 2687 dicit
400 2627 506 2704 uiginti
529 2625 613 2684 annis
636 2631 705 2702 post
728 2626 858 2703 priorem
883 2634 1015 2684 extremo
1047 2624 1111 2685 loco
1136 2625 1251 2686 doctam
1277 2645 1351 2687 esse.
1398 2626 1474 2687 Ean·

300 2724 368 2783 dem
388 2723 512 2783 duarum
532 2721 611 2782 Pluti
630 2720 796 2781 fabularum
817 2722 1037 2782 distinctionem
1053 2725 1222 2783 iuuenimus
1241 2726 1272 2784 in
1287 2723 1378 2784 schol.
1397 2723 1474 2786 Plut.

300 2842 325 2883 v.
343 2818 437 2902 1146,
458 2819 509 2880 ubi
524 2819 680 2880 scholiasta
701 2821 792 2882 uerba
808 2820 953 2901 quaedam
971 2840 1008 2880 ex
1027 2820 1118 2881 altera
1133 2823 1198 2881 eius
1213 2824 1341 2881 nominis
1356 2841 1472 2882 comoe-

300 2919 346 2979 dia
366 2921 396 2979 in
420 2919 541 2979 alteram
562 2917 696 2996 neglecto
715 2926 884 2997 temporum
909 2918 1012 2978 ordine
1036 2918 1176 2979 translata
1201 2937 1267 2979 esse
1296 2922 1474 2997 suspicatur.

388 3017 430 3078 De
460 3018 615 3094 utriusque
643 3018 827 3077 recensionis
863 3025 997 3095 tempore
1026 3036 1059 3076 ex
1089 3016 1209 3077 scholiis
1237 3019 1382 3077 certiores
1409 3018 1474 3077 lieri

300 3132 467 3194 possumus.
519 3113 592 3174 Nam
616 3113 706 3174 altera
735 3115 840 3174 harum
869 3115 1035 3175 fabularum
1063 3117 1271 3193 cognominum
1305 3114 1390 3174 docta
1419 3124 1475 3194 est,

301 3217 325 3272 si
346 3212 531 3288 didascaliam
556 3213 587 3272 in
607 3220 781 3290 argumento
803 3211 840 3271 lV
864 3215 1045 3291 propositam
1069 3214 1231 3292 sequimur,
1255 3212 1397 3272 archonte
1416 3213 1474 3271 An-

301 3313 418 3389 tipatro,
443 3328 530 3387 quem
555 3309 591 3368 ol.
611 3306 662 3389 97,
681 3305 855 3390 4538918
880 3309 1051 3370 archontem
1071 3310 1163 3370 luisse
1182 3317 1299 3370 constat
1317 3329 1333 3368 e
1353 3309 1474 3369 Diodori

300 3407 349 3467 lib.
374 3405 438 3466 XlV
464 3404 526 3466 103
557 3405 622 3466 coll.
646 3407 792 3485 capitibus
817 3405 868 3488 94,
893 3405 943 3486 97,
968 3404 1019 3467 99.
1065 3405 1126 3466 lam
1150 3409 1175 3467 si
1199 3408 1370 3467 memoriam
1395 3406 1473 3466 illam

301 3504 406 3566 scholii
433 3504 469 3564 ad
499 3523 522 3564 v.
549 3501 612 3566 173
642 3505 728 3564 modo
757 3513 1018 3565 commemoratam
1041 3502 1277 3585 adhibuerimus,
1308 3504 1474 3564 secundum

302 3621 388 3682 quam
417 3604 499 3682 prior
522 3601 626 3662 Plutus
658 3604 799 3662 uicesimo
823 3621 900 3662 anno
925 3611 992 3663 ante
1016 3602 1102 3662 docta
1125 3611 1179 3681 est,
1203 3605 1333 3682 priorem
1353 3601 1473 3662 Plutum

300 3720 376 3761 anno
400 3696 496 3780 409s8
527 3717 631 3760 scenae
656 3702 842 3760 commissam
867 3718 933 3760 esse
956 3700 1154 3760 inueniemus.
1200 3700 1241 3759 Ac
1265 3700 1399 3778 prolecto
1431 3702 1474 3760 sic

301 3817 349 3859 res
378 3794 530 3858 sehabet.
577 3796 649 3856 Nam
674 3815 735 3876 eos,
766 3797 818 3874 qui
840 3796 931 3858 schol.
955 3795 1030 3856 Plut.
1055 3814 1080 3856 v.
1107 3791 1169 3856 179
1194 3806 1474 3878 commemorantur,

301 3896 430 3957 Dioclem
451 3887 480 3954 01
499 3893 655 3954 Chabriam
674 3895 801 3955 duorum
822 3911 967 3954 annorum
990 3891 1148 3953 archontes
1168 3912 1233 3954 esse
1253 3893 1338 3953 lacile
1358 3912 1393 3952 ex
1413 3901 1474 3954 tota

300 3994 380 4055 illius
404 3993 461 4053 loci
485 3995 647 4053 conexione
671 3993 778 4053 010001.
821 3991 976 4052 Chabriam
1001 4000 1099 4052 autem
1123 3991 1294 4052 archontem
1320 3992 1410 4052 luisse
1436 3992 1473 4053 ol.

300 4089 351 4171 91,
375 4085 548 4171 2:415J4
576 4091 712 4151 uidemus
740 4109 756 4150 0
781 4089 901 4151 Diodori
924 4087 990 4149 Xlll
1016 4086 1046 4169 2,
1077 4089 1215 4168 idemque
1240 4088 1370 4150 Dioclem
1394 4091 1473 4150 inter

299 4189 457 4250 archontes
489 4188 660 4267 olympiadis
695 4184 751 4268 92,
782 4183 972 4268 4=409s8
1007 4189 1107 4249 relert.
1158 4186 1216 4257 Qui
1255 4189 1334 4247 inter
1366 4187 1474 4248 borum

284 4288 426 4358 xduorum
452 4287 587 4347 uirorum
616 4289 805 4365 magistratus
834 4287 1008 4346 circumacti
1031 4293 1100 4346 suut
1129 4293 1244 4364 septem
1267 4286 1344 4363 anni,
1375 4287 1398 4344 si
1425 4286 1473 4346 ad-

300 4392 495 4447 numerantur
523 4391 635 4462 septem
664 4384 723 4445 11110
753 4383 851 4444 Laidis
879 4385 1046 4444 meretricis
1075 4385 1168 4466 annis,
1196 4401 1271 4462 quae
1295 4375 1420 4454 ἑπτέτις
1442 4386 1472 4443 10

301 4484 400 4544 Sicilia
419 4490 504 4562 capta
523 4501 589 4544 esse
608 4482 726 4562 dicitur,
745 4482 917 4543 efficiuntur
933 4481 1169 4560 quattuordecim
1191 4479 1233 4541 illi
1252 4478 1349 4538 Laidis
1368 4482 1473 4540 aetatis
