3246 5250
753 453 996 517 —102-

294 614 398 675 similis
422 617 501 695 ueri,
533 614 584 674 sed
609 616 696 674 etiam
721 615 846 675 similior
870 615 998 677 uidetur.
1043 616 1212 678 Philochori
1236 617 1314 677 enim
1337 616 1470 693 primum

275 713 395 795 plures
429 731 517 791 quam
545 711 718 772 Dicaearchi
749 712 819 773 libri
850 717 1116 795 nominantur„in
1146 715 1254 793 quihus
1283 731 1391 774 uersus
1419 711 1470 772 ille

295 810 529 888 Aristophaneus
547 820 801 888 ⁵commemoratus
825 813 956 890 potuerit
979 813 1081 873 luisse.
1125 811 1244 872 Referri
1268 812 1346 870 enim
1370 818 1471 889 potest

295 907 330 968 ad
365 908 490 969 alterum
523 907 650 969 Atthidis
682 909 804 992 librum,
834 913 865 971 in
894 927 952 990 quo
982 909 1017 969 de
1047 909 1151 970 diebus
1179 909 1356 989 quibusdam
1385 908 1470 968 lestis

297 1024 466 1066 sermonem
486 1005 578 1065 inisse
599 1005 763 1084 fragmenta
782 1008 899 1089 docent,
918 1014 1017 1084 potest
1031 1008 1138 1067 referri
1153 1007 1188 1067 ad
1204 1009 1326 1067 tertium
1341 1004 1471 1065 Atthidis

296 1103 414 1184 librum,
437 1104 468 1162 in
492 1121 560 1183 quo,
584 1121 651 1184 oum
675 1102 712 1164 de
734 1103 955 1166 Ceramensium
979 1103 1065 1164 demo
1085 1097 1169 1185 (uide
1190 1105 1224 1165 ir.
1245 1097 1303 1186 tn)
1322 1101 1471 1182 agendum

298 1211 390 1282 esset,
425 1191 550 1261 fortasse
579 1203 667 1260 etiam
697 1200 766 1264 reio
794 1199 1011 1281 Κεραμεικῶν
1044 1199 1180 1282 πληγῶν
1214 1203 1324 1261 mentio
1357 1202 1471 1260 inserta

298 1310 352 1381 est,
375 1307 473 1377 potest
497 1299 704 1377 depromptum
729 1318 795 1360 esse
814 1304 903 1362 etiam
923 1321 958 1362 ex
978 1301 1053 1362 libro
1073 1319 1118 1382 eo,
1141 1318 1229 1379 quem
1248 1293 1323 1377 περὶ
1343 1292 1471 1376 ἑορτῶν

297 1399 499 1476 inscripserat,
523 1405 621 1475 potest
640 1399 791 1476 pertinere
811 1398 954 1459 etiamad
974 1397 1176 1477 septendecim
1194 1396 1259 1456 illos
1281 1396 1376 1457 libros
1395 1389 1472 1476 περὶ

297 1493 363 1556 τῶν
384 1486 568 1574 Ἀθήνησιν
592 1484 735 1573 ἀγώνων
759 1498 953 1574 conscriptos
993 1495 1025 1555 Si
1047 1504 1200 1574 praeterea
1224 1493 1473 1574 consideraueris,

300 1610 387 1673 quam
412 1590 504 1651 multo
529 1588 665 1651 erebrius
683 1591 853 1654 Philochori
876 1590 965 1672 quam
984 1592 1156 1653 Dicaearchi
1179 1585 1273 1674 (illius
1293 1593 1396 1651 tricies
1416 1600 1472 1672 ter,

299 1693 388 1751 huius
412 1690 571 1768 quinquies
595 1687 644 1747 uel
668 1683 793 1774 septies)
818 1689 992 1751 scholiastae
1011 1691 1192 1750 mentionem
1212 1689 1332 1766 iaciant3
1356 1691 1382 1747 si
1401 1705 1472 1747 con·

301 1788 490 1865 sideraueris,
513 1785 685 1847 Philochori
704 1791 919 1871 auctoritatem,
943 1791 1000 1849 nisi
1019 1788 1089 1867 quid
1109 1806 1155 1868 me
1175 1789 1258 1868 iugit,
1283 1807 1334 1849 eos
1353 1805 1472 1865 semper

300 1887 398 1966 sequi,
426 1883 598 1944 Dicaearchi
624 1902 846 1965 nonnumquam
870 1889 958 1947 etiarn
981 1886 1138 1966 repudiare
1162 1893 1196 1944 ut
1218 1887 1249 1944 in
1273 1885 1363 1946 schol.
1388 1903 1473 1964 uesp.

299 1980 379 2064 5443
402 1985 428 2042 si
446 1981 684 2042 consideraueris
696 2001 768 2067 ,esse
789 1985 876 2044 etiam
896 1983 994 2044 locum
1014 1984 1160 2064 quendam
1175 1986 1206 2043 in
1221 1982 1341 2043 scholiis
1360 1983 1473 2043 Aristo-

300 2083 422 2162 phaneis
442 2071 491 2162 (ad
512 2080 564 2139 Au.
578 2072 691 2163 1403),
709 2079 761 2140 uhi
775 2081 854 2142 idem
864 2080 1064 2162 Euphronius,
1078 2100 1132 2160 per
1147 2082 1232 2140 cuius
1243 2081 1474 2141 commentarios

300 2183 364 2240 siue
374 2169 594 2256 ὑπομνήματα
605 2179 693 2236 etiam
704 2176 874 2238 scholRan.
888 2175 971 2240 1093
986 2179 1022 2238 ad
1038 2197 1091 2239 nos
1101 2180 1247 2258 peruenit,
1262 2196 1316 2256 per
1328 2176 1474 2238 Hellanioi

302 2285 331 2337 et
345 2274 517 2335 Dicaearchi
532 2276 738 2334 auctoritatem
754 2275 958 2358 redarguatur,
978 2295 1066 2356 quam
1086 2276 1123 2335 oh
1143 2294 1260 2336 causam
1276 2283 1358 2336 certe
1372 2275 1474 2336 Dicae·

301 2374 384 2435 archi
397 2373 489 2432 libros
505 2374 602 2432 minus
617 2372 774 2452 diligenter
788 2373 950 2453 perlegisse
965 2374 1114 2454 putandus
1130 2376 1200 2434 erit:
1214 2373 1287 2433 haec
1301 2375 1393 2452 igitur
1404 2392 1474 2434 oon-

302 2473 437 2533 siderans
452 2471 488 2530 ad
504 2472 660 2530 ueritatem
674 2473 798 2550 propius
813 2474 974 2532 accessisse
989 2473 1061 2534 mihi
1075 2472 1188 2550 uideor,
1213 2474 1238 2530 si
1256 2489 1316 2530 non
1336 2490 1351 2530 e
1371 2471 1475 2532 Dicae-

302 2570 393 2649 archi,
413 2567 465 2627 sed
485 2586 520 2628 ex
534 2567 705 2627 Philochori
722 2568 806 2628 libris
825 2571 1023 2649 fragmentum
1037 2568 1110 2630 illud
1123 2568 1209 2630 Pluto
1223 2571 1317 2648 priori
1331 2587 1475 2648 expresse

303 2668 485 2745 adscriptum
504 2683 639 2724 manasse
659 2664 840 2726 contendero
858 2670 988 2746 primum
1006 2670 1037 2728 in
1051 2666 1216 2746 Euphronii
1236 2669 1477 2749 commentarios,

304 2764 410 2824 deinde
435 2782 470 2823 ex
493 2762 539 2824 his
563 2763 593 2821 in
617 2762 798 2824 scholiorum
821 2766 990 2844 congeriem
1014 2784 1079 2826 eam
1107 2783 1194 2844 quam
1218 2783 1297 2824 nunc
1320 2764 1477 2825 hahemus.

470 3644 591 3715 Reliqua
609 3642 693 3698 huius
712 3641 918 3699 dissertationis
937 3660 1001 3714 pars
1020 3642 1185 3713 propediem
1204 3644 1310 3700 edetur.

1613 563 1614 580 t

1613 2695 1614 2722 l

1613 2729 1614 2746 t

1610 2817 1614 2844 l
