3246 5250
766 397 980 460 „90-

286 569 339 639 est,
364 567 444 619 certe
469 559 574 619 scholii
597 562 680 638 origo
704 554 754 640 (ex
778 559 886 620 llitteri
910 552 1070 642 sententia)
1100 561 1136 622 ah
1160 581 1195 622 eo
1219 561 1379 641 repetenda
1404 569 1462 641 est,

286 660 335 718 cui
359 665 515 735 utramque
539 656 657 718 Plutum
682 659 830 736 inspicere
853 657 951 737 licuit,
980 657 1058 718 unde
1085 661 1254 720 necessario
1278 657 1460 720 concluden-

285 754 355 814 dum
380 762 425 815 est
447 755 504 814 hoc
528 754 660 814 scholion
686 757 887 834 conscriptum
910 775 975 816 esse
995 755 1094 832 abeo,
1119 759 1169 836 qui
1189 758 1318 835 priorem
1338 756 1460 817 Plutum

284 853 415 930 priorem
435 855 690 930 posterioremque
714 855 919 934 posteriorem,
943 871 1002 914 non
1021 856 1219 932 posteriorem
1238 856 1370 934 priorem
1390 873 1460 916 esse

285 948 416 1027 putabat.
467 950 556 1028 Atqui
586 959 721 1010 nostrum
751 950 909 1031 scholium,
938 953 963 1011 si
991 950 1092 1031 modo,
1122 959 1154 1011 ut
1182 961 1228 1012 est
1255 951 1362 1014 Ritteri
1391 971 1461 1012 sen·

286 1050 385 1128 tentia,
405 1050 567 1126 genuinum
587 1057 641 1127 est,
660 1051 690 1108 in
711 1051 842 1126 margine
861 1048 941 1109 Pluti
959 1051 1143 1108 recensionis
1162 1051 1235 1129 eius,
1256 1069 1331 1129 quae
1350 1068 1460 1110 reuera

285 1147 366 1225 prior
399 1155 474 1226 erat,
506 1149 651 1225 scriptum
685 1147 776 1207 luisse
805 1165 839 1207 ax
868 1150 959 1207 totius
988 1146 1092 1207 scholii
1122 1155 1223 1207 tenore
1252 1147 1318 1207 luce
1347 1147 1461 1209 clarius

284 1250 413 1322 apparet.
456 1242 528 1303 Cum
553 1254 650 1304 autem
676 1262 754 1304 nuno
779 1246 857 1304 inter
881 1244 991 1304 scholia
1015 1262 1049 1304 ea
1072 1247 1253 1327 inueniatur,
1276 1263 1351 1324 qnae
1372 1245 1461 1306 scho-

285 1340 378 1401 liastis
403 1340 522 1419 quidem
547 1341 581 1401 ad
606 1344 736 1420 priorem
760 1345 910 1421 pertinere
938 1340 1131 1422 uidebantur,
1159 1361 1265 1404 reuera
1294 1350 1391 1403 autem
1420 1345 1460 1404 ad

285 1440 481 1516 posteriorem
505 1438 625 1499 Plutum
648 1441 807 1520 pertinent,
831 1439 887 1500 hoc
911 1438 1056 1500 scholium
1080 1441 1211 1500 omnium
1237 1459 1328 1500 nuum
1347 1459 1383 1500 ex
1408 1441 1461 1501 ad·

285 1517 487 1596 notationibus
510 1538 554 1596 eis
579 1545 730 1598 seruatum
755 1547 808 1617 est,
832 1555 905 1616 quas
929 1539 1030 1598 nescio
1054 1539 1121 1615 quis
1142 1540 1173 1597 in
1191 1540 1324 1616 margine
1344 1539 1460 1600 codicis

283 1637 413 1714 priorem
437 1634 555 1694 Plutum
579 1638 760 1695 continentis
784 1635 990 1714 adscripscrat.
1036 1635 1073 1696 dt
1097 1638 1121 1695 si
1145 1638 1330 1716 quaerimus,
1356 1655 1371 1696 a
1395 1656 1458 1716 quo

282 1733 354 1794 illud
384 1733 528 1793 scholium
558 1732 593 1792 ad
622 1734 752 1811 priorem
780 1732 898 1794 Plutum
927 1736 1080 1812 pertinens
1108 1736 1186 1794 inter
1215 1741 1315 1794 nostra
1345 1735 1458 1796 scholia

283 1831 317 1890 ad
347 1833 543 1909 posteriorem
574 1832 638 1890 eius
666 1832 795 1891 nominis
818 1830 945 1891 fabulam
970 1831 1172 1910 explicandam
1196 1838 1334 1908 congesta
1359 1839 1457 1892 trans-

282 1927 373 1989 latum
398 1931 449 2008 sit,
476 1930 624 1988 neminem
648 1930 828 2006 inuestigare
852 1931 965 2008 poteris
990 1931 1046 1990 nisi
1071 1947 1135 2010 eos,
1162 1931 1212 2007 qui
1237 1937 1269 1989 ut
1292 1930 1457 2007 scriptores

283 2026 403 2086 scholiis
427 2027 525 2086 dedita
545 2044 634 2104 opera
654 2028 831 2105 conscriptis
850 2028 1130 2106 interpretarentur,
1154 2026 1210 2086 sibi
1228 2034 1457 2105 proposuerant,

282 2126 489 2202 grammaticos
513 2123 735 2183 Alexandrinos.
774 2122 859 2184 Nunc
883 2143 956 2184 uero
980 2125 1246 2190 Alexandrinorum
1270 2122 1457 2202 temporibus

282 2221 373 2282 altera
398 2229 512 2282 tantum
531 2220 612 2280 Pluti
631 2223 766 2282 recensio
791 2229 943 2299 superstes
967 2221 1101 2282 exstabat
1125 2221 1296 2302 eademque,
1320 2239 1395 2299 quae
1419 2222 1456 2283 ad

282 2327 413 2380 nostram
442 2321 614 2380 memoriam
643 2321 759 2380 mansit.
804 2319 911 2379 Ritteri
937 2321 1028 2398 igitur
1052 2321 1223 2380 coniectura
1246 2321 1272 2378 si
1295 2326 1376 2379 recta
1400 2327 1456 2401 est,

283 2418 381 2478 lacere
405 2435 464 2476 non
487 2435 656 2498 possumus,
681 2419 753 2495 quin
776 2417 848 2477 illud
873 2417 1016 2498 scholion,
1039 2418 1118 2496 quod
1142 2419 1173 2477 in
1193 2418 1305 2478 codicis
1323 2419 1455 2495 priorem

281 2514 401 2575 Plutum
423 2517 602 2576 continentis
620 2517 752 2594 margine
772 2513 808 2574 ab
828 2517 948 2593 antiquo
968 2517 1158 2594 grammatico
1178 2515 1360 2593 adscriptum
1382 2522 1457 2595 erat,

282 2612 331 2672 illo
355 2615 420 2692 ipso
446 2623 578 2692 tempore
602 2632 638 2672 ex
660 2631 694 2672 eo
715 2613 817 2674 codice
836 2615 915 2673 inter
934 2613 1044 2674 scholia
1063 2614 1098 2674 ad
1118 2613 1237 2674 Plutum
1256 2615 1455 2692 posteriorem

281 2712 459 2789 pertinentia
480 2710 606 2771 relatum
626 2729 692 2770 esse
717 2718 889 2791 statuamus,
913 2730 980 2772 oum
1004 2713 1087 2790 prior
1105 2710 1219 2787 Plutus,
1242 2713 1455 2790 itaque'etiam

282 2809 374 2870 codex
402 2807 451 2868 ille
480 2826 539 2867 non
568 2809 625 2867 iam
654 2807 800 2890 exstabat,
828 2809 878 2868 sed
908 2808 1023 2888 pridem
1046 2810 1207 2871 interierat.
1255 2808 1340 2879 Quod
1365 2827 1456 2886 quam

282 2906 443 2967 absurdum
469 2908 515 2986 sit,
539 2924 625 2966 nemo
649 2926 709 2968 non
734 2907 829 2988 uidet,
852 2908 1048 2986 supersedere
1073 2909 1164 2986 igitur
1187 2924 1310 2987 possum
1331 2905 1455 2966 alteram

281 3013 394 3083 partem
419 3005 607 3064 coniecturae
633 3004 811 3064 llitterianae
836 3005 998 3083 discutere,
1026 3006 1057 3064 in
1083 3023 1138 3083 qua
1163 3004 1311 3084 quomodo
1335 3023 1456 3086 uersus,

282 3105 332 3180 qui
357 3120 435 3163 nunc
459 3101 578 3184 legitur,
600 3105 631 3162 in
655 3101 800 3162 editiones
824 3110 940 3162 nostras
963 3105 1150 3182 peruenerit,
1173 3105 1302 3182 exponit.

370 3199 473 3278 ltaque
497 3202 585 3260 etiam
609 3201 756 3280 Ritterus,
780 3199 868 3260 homo
893 3201 1109 3281 sagacissimus,
1132 3191 1190 3260 ἀπ’
1212 3195 1344 3272 ἐλπίδος
1366 3191 1458 3280 ἡμᾶς

280 3289 477 3377 καταβαλών
501 3291 645 3378 μεγάλης
665 3289 850 3378 ἀπέρχεται,
875 3317 931 3377 qua
952 3298 1033 3358 ducti
1053 3315 1121 3358 eum
1140 3316 1244 3359 omnes
1263 3297 1457 3360 difficultates

280 3404 466 3457 remoturum
490 3403 520 3455 et
544 3395 615 3475 quid
639 3395 675 3456 de
698 3396 755 3456 hoc
774 3395 887 3456 scholio
911 3394 1100 3455 indicandum
1125 3403 1213 3475 esset,
1238 3396 1457 3476 explicaturum

281 3512 347 3554 esse
371 3493 572 3573 sperabamus.

369 3590 414 3653 IV.
451 3591 489 3652 Et
518 3593 669 3674 quoniam,
697 3592 792 3652 donec
820 3589 993 3652 scholiastae
1021 3591 1052 3650 in
1080 3589 1218 3652 omnibus
1246 3590 1335 3652 rebus
1364 3591 1456 3654 iidem

281 3689 450 3765 tribuimus,
473 3689 547 3750 nihil
570 3707 624 3749 nos
648 3690 792 3769 prolicere
817 3691 888 3750 satis
907 3688 1074 3750 luculenter
1093 3691 1238 3770 apparuit,
1263 3708 1342 3750 nunc
1366 3689 1457 3754 aliam

281 3791 359 3850 uiam
387 3789 515 3866 ingressi
543 3788 710 3869 uideamus,
740 3806 811 3847 num
840 3789 883 3847 sic
912 3787 987 3848 lorte
1016 3788 1091 3847 certi
1120 3786 1190 3864 quid
1218 3785 1295 3848 lucri
1323 3805 1356 3846 ex
1387 3789 1458 3850 eius

281 3885 468 3946 adnotatione
493 3887 670 3946 auleramus
872 3871 873 3878 ἵ

369 3982 440 4043 Eam
469 3991 580 4064 autem,
605 4002 679 4062 quae
703 3983 774 4045 mihi
800 3987 830 4044 in
855 3987 952 4045 animo
976 3991 1035 4063 est,
1059 3985 1137 4045 uiam
1161 3985 1276 4063 primus
1299 3986 1457 4062 ingressus

281 4090 327 4143 est
346 4078 523 4142 Franciscus
542 4080 714 4142 Volcmarus
733 4080 893 4162 Fritzsche,
918 4084 969 4160 qui
992 4088 1023 4142 in
1042 4081 1127 4162 libro,
1151 4083 1200 4141 cui
1220 4099 1327 4141 nomen
1346 4079 1458 4144 indidit

281 4183 470 4260 quaestiones
494 4179 735 4263 Aristophaneas,
763 4201 791 4261 p.
817 4178 960 4242 1741100
984 4179 1071 4240 modo
1096 4197 1131 4238 ex
1155 4177 1378 4240 difficultatibus
1403 4197 1456 4238 ex-

280 4277 382 4357 pedire
418 4294 450 4337 se
483 4286 606 4340 conatus
640 4285 698 4340 est:
735 4274 810 4340 ‘lste
843 4279 999 4340 scholiasta
1032 4297 1100 4339 cum
1132 4278 1197 4338 aliis
1227 4279 1364 4356 opinatus
1397 4283 1456 4360 est,

281 4383 416 4436 nostrum
439 4373 558 4437 Plutum
583 4394 648 4437 esse
672 4379 811 4456 priorem.
855 4377 1001 4447 Quocirca
1025 4374 1163 4436 Comicus
1186 4376 1216 4436 in
1240 4375 1339 4454 priore
1363 4371 1455 4435 Pluto

281 4476 455 4554 scripserat:
482 4471 541 4555 τῆς
568 4472 744 4555 συμφορᾶς
771 4469 891 4554 ταύτης
914 4486 950 4535 σε
973 4465 1130 4553 παύσειν,
1157 4464 1178 4552 ἥ
1202 4464 1233 4533 o'
1259 4470 1339 4552 ἔχει,
1368 4477 1398 4530 et
1420 4471 1454 4532 in
