3246 5250
657 425 878 489 ..67-

267 587 316 648 lll.
354 587 465 648 Eodem
495 587 582 647 modo
611 605 645 647 ex
675 587 821 648 similibus
850 588 1087 670 difficultatibus,
1116 590 1225 670 quihus
1253 597 1351 650 tamen

178 683 339 762 implicitus
368 703 427 744 non
456 694 550 765 esset,
583 687 639 744 nisi
668 685 868 764 praeiudicata
897 705 964 747 crim
993 691 1133 766 opinione
1161 688 1196 748 ad
1225 687 1352 748 lahulam

178 783 433 862 interpretandam
457 801 616 862 aggressus
640 791 732 862 esset,
756 785 896 862 expedire
921 805 952 844 se
977 794 1100 846 conatus
1124 792 1171 845 est
1194 785 1351 846 scholiasta

178 883 286 940 tertius
310 900 338 942 u.
363 879 433 963 173,
458 881 508 942 uhi
531 899 639 942 uersus
662 879 724 940 ille:
746 873 785 940 τὸ
814 872 846 940 δ’
878 877 915 941 έν
943 883 1107 968 Κορίνθῳ
1137 877 1268 958 ξενικὸν
1291 874 1353 962 οόχ

179 961 277 1051 οὗτος
303 973 433 1059 τρέφει;
466 981 505 1039 ita
534 979 712 1058 explicatur:
740 968 786 1048 ῶς
812 968 864 1038 ἀεὶ
893 972 1024 1050 ξενικόν
1051 1000 1082 1040 τι
1112 971 1257 1060 ἐχόντων
1284 977 1352 1040 τῶν

178 1073 389 1154 Κορινθίων,
412 1070 467 1136 καὶ
490 1067 552 1156 οὐχ
576 1067 620 1148 ῶς
643 1073 728 1135 ἔνιοι
751 1067 833 1134 κατὰ
857 1066 916 1135 τὸν
940 1068 1066 1154 χρόνον
1089 1075 1223 1137 τοῦτον·
1248 1074 1353 1156 δῆλον

179 1165 216 1234 δέ
236 1170 271 1234 έιι
289 1171 351 1234 τοῦ
370 1171 406 1236 έν
426 1170 569 1256 δευτέρῳ
584 1169 760 1254 φέρεσθαι,
780 1162 818 1244 ὃς
836 1170 972 1252 ἔσχατος
991 1168 1155 1253 ἐδιδάχθη
1170 1165 1226 1234 ὑπ’
1247 1167 1353 1235 αὐτοῦ

178 1269 316 1356 εἰκοστῷ
349 1270 413 1332 έτει
441 1263 597 1353 ὕστερον·
630 1271 661 1332 εἰ
690 1261 751 1351 μὴ,
784 1260 866 1348 ὅπερ
898 1263 1002 1348 εέκός,
1034 1268 1070 1331 ἐκ
1101 1269 1163 1331 τοῶ
1194 1266 1354 1351 δευτέρου

179 1361 337 1430 Πλούτου
359 1373 458 1431 τοῦτο
481 1362 723 1449 μετενήνεκται.
747 1365 815 1428 ἐκεῖ
835 1359 898 1448 γὰρ
924 1359 1037 1448 ὀρθῶς
1056 1367 1129 1448 ἔχει.
1166 1361 1231 1448 η”δη
1251 1360 1316 1448 γὰρ
1336 1359 1354 1430 ὁ

178 1458 409 1546 Κορινθιακὸς
421 1463 562 1547 πόλεμος
580 1462 723 1545 συνέστη
742 1459 853 1545 τρισὶν
871 1455 892 1544 ἢ
910 1461 1066 1542 τέτρασιν
1086 1466 1170 1527 έτεσι
1189 1461 1354 1547 πρότερον

178 1561 238 1624 τοῦ
260 1556 486 1644 Ἀντιπάτρου,
514 1557 568 1643 ἐφ’
596 1549 638 1624 οὗ
661 1557 841 1643 ἐδιδάχθη,
863 1557 918 1623 καὶ
942 1557 981 1623 τὸ
1005 1558 1214 1644 συμμαχικὸν
1238 1559 1355 1646 ἐπανή-

177 1665 318 1738 θροιστο
342 1658 380 1722 έν
407 1663 436 1722 K
436 1663 572 1746 ορίνθῳ.

268 1759 326 1820 Sed
345 1761 419 1820 haee
438 1779 506 1820 sana
526 1779 592 1820 esse
612 1777 670 1819 non
690 1769 816 1838 possunt
836 1760 1005 1836 mirumque
1025 1779 1096 1820 sane
1122 1761 1252 1844 uidetur,
1275 1763 1354 1841 qnod

179 1875 217 1918 ne
240 1857 485 1919 llemsterhnsius
509 1858 629 1937 quidem
649 1858 696 1917 nel
722 1857 869 1938 liitterus,
895 1856 1010 1917 iudices
1035 1861 1133 1919 critici
1156 1862 1286 1939 alioquin
1311 1879 1354 1920 sa·

178 1959 339 2037 gacissimi,
368 1959 398 2016 in
428 1956 474 2016 his
503 1955 605 2016 uerhis
632 1955 829 2015 offenderunt.
881 1954 968 2034 Nam,
997 1974 1056 2034 quo
1086 1957 1254 2018 euidentius
1282 1959 1355 2018 haec

179 2053 271 2114 uerha
299 2064 441 2132 corrupta
470 2073 535 2114 esse
566 2063 719 2131 appareat,
748 2053 819 2131 quid
848 2051 921 2112 dicit
949 2051 1129 2114 scholiasta?
1178 2055 1355 2130 Corinthios,

180 2153 247 2229 qnia
268 2151 316 2212 hic
338 2170 444 2212 uersus
467 2155 497 2212 in
517 2151 603 2212 Pluto
628 2153 794 2229 posteriore
818 2149 942 2230 legetur,
967 2169 1087 2229 semper
1111 2153 1217 2214 milites
1241 2172 1353 2214 merec-

179 2252 278 2309 narios
314 2249 422 2310 aluisse
454 2251 601 2330 putandos
634 2267 713 2326 esse,
744 2266 816 2325 non,
850 2255 883 2306 ut
914 2247 1051 2308 nonnulli
1084 2254 1271 2328 censuerint,
1304 2251 1354 2311 illo

179 2353 294 2407 tantum
319 2358 467 2428 tempore3
496 2348 659 2407 sedetiam
684 2345 791 2405 melius
815 2345 888 2405 haec
912 2345 1004 2405 uerba
1029 2347 1171 2424 explicari
1200 2368 1300 2427 posse,
1329 2351 1355 2409 si

179 2463 212 2504 ea
237 2463 272 2504 ex
297 2448 463 2523 posteriore
481 2444 568 2504 Plnto
593 2444 732 2504 translata
757 2461 823 2503 esse
848 2449 1005 2503 statuatur.
1044 2444 1110 2514 Quo
1134 2454 1233 2505 antem
1258 2455 1354 2505 trans-

179 2541 236 2602 lata
259 2551 331 2603 sunt
353 2562 388 2602 ex
413 2545 579 2621 posteriore
605 2541 690 2602 Pluto
714 2541 787 2600 haec
811 2537 925 2600 uerba?
961 2540 994 2599 ln
1019 2559 1083 2600 eam
1109 2542 1242 2623 sicilicet,
1266 2561 1353 2621 quam

180 2639 295 2718 legehat
318 2639 490 2721 scholiasta,
514 2640 655 2718 fabulam,
684 2655 772 2718 quam
796 2639 993 2715 posteriorem
1016 2657 1083 2698 esse
1107 2640 1228 2700 dixerat.
1275 2638 1354 2700 llaec

179 2747 322 2818 corrupta
345 2756 411 2798 esse
435 2743 466 2797 et
489 2737 588 2815 aliquo
611 2736 699 2796 modo
722 2735 905 2794 emendanda
931 2737 997 2813 quis
1020 2745 1066 2796 est
1090 2740 1162 2815 quin
1182 2735 1354 2816 intellegat?

268 2835 458 2895 lntellexerat
485 2836 542 2894 hoc
570 2837 628 2893 iam
653 2832 889 2893 Heldermannns
916 2834 947 2891 in
977 2835 1201 2911 quaestionibus
1229 2838 1291 2895 suis
1317 2836 1353 2896 de

180 2932 385 3012 Aristophanis
408 2931 496 2994 Pluto
525 2933 703 3009 conscriptis
726 2949 754 3008 p.
779 2928 800 2990 5
828 2928 929 3008 ihique
957 2930 1114 3009 legendnm
1142 2941 1355 3011 proposuerat:

180 3025 284 3108 δῆλον
308 3022 344 3088 δὲ
368 3024 403 3088 έκ
425 3027 486 3090 τοῦ
510 3025 547 3090 έν
569 3025 614 3112 τῷ
638 3025 787 3110 προτέρῳ
810 3021 991 3108 φέρεσθαι,
1012 3077 1019 3090 .
1046 3075 1106 3092 ...
1132 3029 1164 3090 εἰ
1188 3022 1247 3110 μὴ,
1273 3023 1354 3111 ὅπερ

133 3115 136 3120 ’
178 3119 283 3204 εἰκὸς,
310 3123 346 3188 έτι
371 3124 434 3186 τοῦ
463 3117 624 3206 δευτέρου
650 3123 750 3186 τοῦτο
778 3119 1023 3205 μετενήνεκται·
1054 3122 1123 3188 ἐκεῖ
1147 3120 1212 3206 γὰρ
1241 3120 1354 3208 ὀρθῶς

179 3221 253 3303 ἔχει.
309 3223 366 3284 Sed
400 3243 437 3285 ne
470 3224 543 3284 haec
575 3223 695 3301 quidem
726 3222 894 3282 emendatio
927 3222 1047 3302 prohari
1079 3234 1179 3304 potest
1212 3236 1353 3305 recteque

178 3321 397 3382 lleldermanno
424 3326 481 3384 iem
510 3322 703 3401 Bamhergius
730 3326 762 3382 iu
790 3319 975 3381 Fleckeiseni
1008 3323 1156 3382 annalium
1190 3324 1244 3382 vol.
1269 3321 1353 3395 XCV,

178 3439 206 3500 p.
225 3417 291 3480 403
313 3420 386 3480 illud
410 3423 562 3500 opposuit:
586 3419 676 3480 nerha
701 3437 777 3500 qnae
799 3420 873 3479 sint:
896 3408 934 3490 ὃς
952 3417 1088 3500 ἔσχατος
1106 3413 1271 3500 ἐδιδάχθη
1292 3412 1352 3480 ὑπ’

177 3509 285 3578 αὐτοῦ
308 3515 445 3602 εἰκοστῷ
470 3517 533 3578 ἔτει
556 3508 714 3596 ὕστερον,
739 3519 880 3595 coniungi
904 3534 964 3577 non
989 3536 1077 3597 posse
1102 3537 1170 3578 cnm
1195 3521 1251 3598 eis,
1277 3537 1354 3596 qnae

177 3617 251 3676 sint:
274 3610 310 3675 έκ
332 3613 394 3675 τοῦ
417 3613 455 3676 έν
477 3608 626 3698 προτέρῳ
650 3609 824 3694 φέρεσθαι.

268 3713 326 3773 Sed
345 3715 377 3772 in
396 3713 532 3773 codicum
553 3715 701 3793 scriptura
720 3712 861 3793 quoniam
881 3715 1030 3774 neminem
1053 3716 1244 3793 acquiescere
1268 3729 1357 3790 posse

178 3829 268 3891 supra
297 3829 343 3870 me
373 3814 444 3871 satis
471 3811 638 3871 ostendisse
664 3812 808 3890 arhitror,
836 3812 1005 3893 uideamus,
1034 3831 1070 3874 an
1100 3813 1262 3874 leliciorem
1288 3829 1358 3870 con-

177 3911 322 3970 iecturam
355 3911 385 3970 in
418 3908 515 3968 lucem
550 3910 685 3987 prolerre
716 3911 876 3988 possimus.
928 3909 966 3971 Et
999 3914 1138 3990 quoniam
1171 3911 1257 3987 prius
1285 3907 1358 3968 illud

177 4006 330 4068 numerale
350 4007 429 4086 qnod
449 4016 494 4066 est
513 4001 656 4091 δευτέρῳ
676 4009 707 4068 in
725 4000 876 4090 προτέρῳ
897 4011 1007 4069 mutari
1027 4029 1086 4070 non
1105 4025 1193 4088 posse
1217 4005 1360 4083 uidimus,

177 4105 256 4166 haud
281 4107 342 4166 scio
366 4123 403 4165 an
427 4107 456 4166 in
482 4104 638 4184 propatulo
662 4107 714 4184 sit,
742 4113 776 4163 ut
805 4102 932 4166 alterum
957 4106 1029 4168 illud
1054 4104 1206 4169 numerale
1231 4121 1305 4164 num
1329 4106 1360 4163 in

176 4197 343 4286 προτέρου
362 4205 472 4281 corrigi
490 4203 595 4282 possit,
614 4202 848 4262 consideremus.
881 4201 941 4260 Sed
961 4203 1034 4262 haee
1050 4219 1168 4283 quoque
1184 4201 1360 4260 coniectura

177 4301 327 4360 reicienda
351 4307 397 4360 cst
420 4311 543 4380 propter
566 4318 610 4381 ea,
634 4318 708 4378 quae
732 4299 866 4379 proxime
887 4307 1058 4376 sequuntur
1077 4296 1182 4360 uerba:
1207 4294 1279 4358 ἐκεῖ
1295 4289 1360 4376 γὰρ
1430 4374 1439 4388 ἃ

176 4390 292 4478 ὀρθῶς
319 4396 394 4478 ἔχει.
443 4398 516 4458 Nam
545 4396 617 4457 illud
647 4394 716 4458 ἐκεῖ
741 4402 826 4481 quin,
859 4401 884 4460 si
918 4408 1001 4459 recte
1035 4395 1289 4476 emendassemus,
1322 4393 1359 4454 ad

175 4497 309 4577 priorem
339 4495 459 4556 Plutum
488 4495 677 4557 referendum
706 4507 799 4579 esset,
828 4499 955 4560 dubium
984 4515 1042 4558 nou
1072 4505 1131 4558 est:
1160 4493 1196 4554 ad
1225 4497 1357 4574 priorem

1102 4593 1142 4650 ὃ.
