3246 5250
763 419 981 486 ..93-

288 581 555 644 Alexandrinorum
588 591 683 644 aetate
716 585 773 642 iam
806 581 958 662 deperdita
987 585 1177 646 refellendam
1205 584 1277 646 utile
1305 594 1351 646 est
1383 586 1460 664 frag-

287 689 421 742 mentum
444 679 519 764 445,
544 701 602 762 quo
622 683 792 741 continetur
811 684 998 742 accusatiuus
1023 686 1104 744 uocis
1129 686 1193 744 eius
1213 702 1287 763 quae
1312 692 1358 743 est
1380 674 1459 744 ἄνα·

286 778 398 859 πηρία.
440 777 511 839 Eius
540 779 648 859 duplex
672 786 717 838 est
745 781 901 861 memoria,
929 797 996 839 cum
1021 789 1050 840 et
1074 782 1151 860 apud
1174 781 1404 841 Antiatticistam
1430 787 1461 840 et

291 876 367 955 apud
393 876 513 937 Suidam
536 876 741 956 Aristophanis
764 875 850 937 Pluto
867 876 1017 954 adscripta
1040 879 1087 936 sit.

377 975 409 1034 ln
430 994 462 1034 ea
483 975 602 1054 quidem
621 993 696 1054 quae
717 982 869 1054 superstes
889 983 935 1034 est
952 972 1031 1034 Pluti
1055 972 1152 1034 fabula
1171 972 1284 1033 nullum
1305 981 1350 1033 est
1368 972 1460 1033 huius

287 1073 370 1131 uocis
400 1074 573 1153 uestigium3
606 1070 797 1131 nihilominus
826 1070 989 1132 cauendum
1019 1081 1077 1154 est,
1109 1090 1146 1131 ne
1180 1079 1293 1132 temere
1325 1087 1390 1129 eam
1423 1071 1461 1130 ad

286 1168 406 1229 Plutum
434 1171 566 1249 priorem
595 1170 721 1249 referas,
749 1169 884 1229 facillime
913 1171 991 1228 enim
1021 1171 1149 1248 scriptor
1183 1169 1218 1229 de
1248 1171 1312 1229 cius
1343 1172 1459 1248 origine

287 1284 387 1326 errare
415 1269 526 1349 potnit,
555 1268 591 1326 ad
619 1266 706 1326 talem
736 1265 850 1327 scilicet
878 1266 1005 1327 fabulam
1034 1285 1097 1327 eam
1120 1267 1319 1347 transferenS,
1347 1269 1377 1327 in
1402 1286 1460 1345 qua

236 1385 239 1392 ·
285 1354 462 1444 ἆνάπηρόν
489 1384 566 1426 τινα
593 1366 623 1423 in
652 1381 771 1424 scenam
798 1364 918 1443 prodire
946 1366 977 1424 in
1010 1367 1123 1424 recenti
1154 1367 1296 1424 memoria
1324 1363 1458 1425 haberet.

289 1459 356 1521 Tihi
375 1462 433 1539 ipsi
456 1479 554 1521 nonne
578 1463 636 1521 iam
659 1460 736 1520 idem
761 1461 903 1520 accidisse
927 1459 1068 1522 sensisti?

375 1556 452 1619 Huic
482 1560 645 1638 suspicioni
675 1559 764 1618 etiam
792 1560 995 1620 testimonium
1020 1562 1169 1620 succurrit
1191 1559 1329 1642 Pollucis,
1354 1561 1406 1638 qui
1429 1557 1460 1642 2,

293 1653 333 1716 61
354 1656 411 1714 hoc
435 1656 632 1735 fragmentum
652 1655 765 1715 Cratini
787 1654 882 1715 Plutis
906 1655 1020 1716 fabulae
1044 1656 1210 1739 adscripsit,
1229 1659 1264 1717 ad
1285 1657 1362 1736 quod
1382 1658 1460 1735 frag·

289 1762 422 1814 mentum
458 1747 507 1836 (fr.
540 1746 618 1836 168)
646 1756 710 1832 ipse
739 1751 883 1834 hoellus,
914 1771 980 1813 curn
1013 1753 1059 1815 his
1092 1758 1130 1815 sit
1162 1764 1225 1816 acta
1254 1754 1460 1834 Aristophanis

285 1850 400 1934 Plutus,
419 1860 481 1913 tres
501 1853 620 1911 omnino
639 1850 752 1910 fabulas
771 1869 837 1910 esse
857 1850 1017 1933 adnotauit,
1041 1852 1076 1911 ad
1097 1871 1169 1931 quas
1189 1851 1366 1914 uocabulum
1386 1851 1458 1912 illud

285 1949 437 2026 pertinere
465 1951 567 2028 possit.
612 1948 692 2008 Haec
720 1957 819 2008 autem
842 1966 910 2008 cum
934 1951 974 2010 ita
998 1951 1071 2032 sint,
1095 1968 1155 2010 non
1178 1950 1325 2032 intellego,
1349 1968 1404 2010 cur
1428 1950 1457 2010 id

287 2045 321 2104 ad
347 2065 411 2105 earn
435 2049 533 2126 potius
558 2045 685 2107 fabulam
709 2046 900 2106 referendum
925 2065 990 2106 esse
1015 2065 1145 2130 censeas,
1169 2066 1228 2125 quo
1248 2049 1274 2107 si
1297 2045 1458 2129 rettuleris,

287 2145 415 2203 maiores
444 2143 498 2204 tihi
521 2142 711 2203 difficultates
734 2143 894 2204 obstabunt
917 2161 1006 2223 quam
1029 2145 1056 2203 si
1078 2144 1113 2204 ad
1138 2145 1258 2205 alteram
1283 2143 1459 2204 rettulisses

375 2241 476 2319 ltaque
496 2259 550 2319 ego
571 2241 690 2319 quidem
711 2239 780 2300 huic
800 2241 964 2318 fragmento
988 2241 1060 2301 nihil
1080 2261 1146 2302 cum
1166 2241 1253 2302 Pluto
1271 2245 1370 2321 priore
1391 2259 1457 2301 csse

286 2358 345 2400 uon
365 2339 467 2400 dubito
487 2338 676 2420 contendere,
701 2339 752 2398 sed
773 2348 823 2399 aut
841 2357 908 2398 curn
928 2338 1077 2399 Bruuchio
1096 2339 1325 2418 Hermanuoque
1345 2342 1457 2400 arariam

286 2457 321 2497 eo
346 2439 493 2497 contineri
515 2436 673 2496 lectionem
697 2436 733 2496 ad
756 2434 835 2496 Pluti
858 2438 1029 2514 superstitis
1049 2455 1171 2498 uersum
1193 2428 1256 2498 115
1277 2437 1456 2516 adscriptam

285 2545 390 2615 putare
410 2533 563 2595 maluerim
583 2541 634 2594 aut
653 2552 719 2594 cum
741 2533 915 2612 Bambergio
940 2529 1010 2617 (Lu.
1030 2533 1195 2596 Contu-Bi,
1218 2532 1300 2596 1881
1327 2553 1355 2613 p.
1375 2528 1456 2614 962)

286 2632 321 2692 ad
345 2631 455 2692 Cratini
478 2630 581 2692 Plutos
605 2631 732 2713 referre3
756 2640 857 2692 utrum
880 2634 992 2692 rectius
1015 2633 1067 2714 sit,
1093 2651 1172 2692 nunc
1196 2651 1254 2692 non
1279 2639 1325 2692 est
1348 2631 1454 2692 diiudi-

287 2729 426 2810 candum3
446 2731 476 2789 in
491 2738 666 2789 transcursu
681 2737 796 2791 tantum
811 2747 1043 2790 commemorare
1058 2729 1146 2790 liceat
1159 2729 1230 2789 illud
1251 2730 1316 2789 ueri
1332 2726 1457 2788 similius

287 2827 383 2887 uideri
410 2835 583 2908 propterea,
611 2827 689 2905 quod
715 2829 824 2888 mirum
848 2847 918 2888 sane
942 2837 1033 2911 esset,
1064 2830 1090 2887 si
1113 2827 1171 2887 duo
1194 2835 1298 2906 poetae
1324 2826 1397 2886 duas
1421 2825 1457 2884 de

285 2924 371 2985 Pluto
399 2923 510 2985 fabulas
534 2926 574 2983 ita
598 2926 797 3009 scripsissent,
819 2933 852 2986 ut
871 2929 950 2986 circa
969 2929 1033 2987 eius
1053 2927 1223 2986 caecitatem
1243 2931 1321 2984 totae
1341 2923 1457 2986 fabulae

272 3023 370 3100 -quasi
393 3029 592 3082 uerterentur.

376 3118 404 3196 ξ.
426 3115 474 3179 15.
517 3119 689 3180 Proximum
713 3122 910 3200 fragmentum
934 3117 999 3182 446
1023 3120 1117 3181 uerbo
1140 3120 1219 3199 quod
1243 3129 1289 3181 est
1311 3117 1459 3200 γραΐζειν

292 3219 470 3298 continetur,
493 3217 528 3276 ad
549 3219 627 3297 quod
646 3217 775 3279 Behlreri
793 3219 989 3280 Antiatticista
1009 3218 1081 3278 haec
1099 3217 1189 3279 uerba
1208 3220 1358 3297 apposuit:
1377 3209 1458 3279 ὅταν

285 3308 323 3377 τὸ
349 3306 581 3394 συναγόμενον
602 3311 637 3376 ἐν
656 3323 728 3389 ταῖς
750 3309 886 3397 χύτραις
903 3310 957 3376 καὶ
978 3310 1158 3394 ἐπαφρίζον
1178 3309 1342 3394 ἐκχέωσιν.
1376 3306 1460 3395 Ἀρι-

289 3405 458 3493 στοφάνης
486 3406 639 3499 Πλούτῳ.
685 3412 756 3474 lnde
780 3415 987 3494 consequitur,
1017 3411 1245 3472 Antiatticistam
1270 3411 1354 3472 uerbi
1376 3412 1458 3490 quod

288 3518 333 3570 est
352 3508 498 3591 γραΐζειν
513 3497 657 3590 originem
672 3510 804 3571 indicare
818 3510 958 3589 uoluisse,
978 3509 1014 3569 ad
1029 3509 1107 3588 quod
1123 3509 1310 3570 efficiendum
1329 3511 1459 3588 primum

288 3608 358 3687 quid
387 3609 570 3686 significetur
601 3607 658 3667 hoc
686 3608 780 3670 uerbo
808 3611 849 3670 ita
876 3609 1008 3691 exponit,
1037 3617 1071 3668 ut
1099 3607 1224 3668 similem
1252 3610 1280 3667 ei
1307 3609 1460 3668 notionem

286 3708 383 3766 inesse
414 3706 568 3767 uideamus
603 3714 691 3785 atque
719 3706 808 3767 latino
837 3705 944 3788 uerbo,
976 3706 1055 3785 quod
1087 3715 1132 3765 est
1160 3701 1277 3788 libare,
1307 3700 1460 3765 delibare'.

287 3802 382 3864 Vnum
408 3812 505 3863 tamen
529 3807 686 3885 miramur,
714 3804 794 3883 quod
817 3823 874 3863 non
900 3805 1047 3893 narrauit,
1071 3804 1218 3881 quomodo
1241 3804 1298 3863 hoc
1322 3801 1460 3886 uerbum,

287 3902 365 3981 quod
386 3920 401 3961 a
421 3918 494 3961 uoce
513 3905 747 3982 ypaog=anns
766 3901 932 3962 deriuatum
953 3918 1019 3960 esse
1034 3918 1120 3960 nemo
1137 3919 1195 3961 non
1211 3900 1301 3984 aridei,
1320 3902 1352 3960 in
1370 3899 1460 3960 talem

289 4019 410 4061 sensum
441 3997 522 4058 abire
545 4002 685 4078 potuerit.
731 3999 826 4077 Atque
850 3998 898 4059 hic
921 4000 1013 4059 totius
1031 3999 1076 4057 rei
1099 3998 1249 4058 cardinem
1273 3999 1352 4058 uerti
1375 4003 1459 4058 recte

287 4100 463 4176 cognouisse
492 4097 564 4157 mihi
592 4097 713 4158 uidetur
735 4095 928 4172 Bambergius
958 4114 993 4155 eo
1018 4113 1105 4174 quem
1130 4113 1219 4175 supra
1243 4094 1361 4156 laudaui
1383 4093 1460 4178 loco,

286 4198 336 4274 qui
361 4206 427 4255 ante
446 4194 553 4256 uerba:
573 4184 813 4275 Ἀριστοφάνης
832 4185 974 4277 Πλούτῳ
999 4190 1223 4270 explicationem
1243 4193 1369 4271 aliquam
1390 4192 1459 4252 suh-

288 4295 409 4352 stautiui
434 4292 512 4371 quod
536 4300 583 4352 est
604 4288 709 4372 γραῦς
732 4310 748 4351 e
774 4300 913 4352 contextu
938 4289 1083 4350 excidisse
1103 4284 1247 4372 scribit.¹)
1289 4289 1374 4360 Quod
1399 4309 1459 4370 quo

362 4420 388 4486 1)
409 4418 449 4472 ‘es
469 4417 579 4472 scheini
597 4434 647 4474 vor
663 4414 798 4488 Ἀριστοφ.
818 4413 934 4490 Πλούτῳ
954 4417 1015 4472 eine
1036 4415 1212 4485 Bemerlxuug
1233 4415 1301 4470 iiber
1320 4416 1369 4470 dae
1389 4415 1459 4471 Sub·

285 4496 392 4552 staniiv
410 4498 498 4568 γραῦς
517 4496 693 4568 ausgefallen
712 4517 745 4552 au
763 4496 843 4552 sein'
