3246 5250
644 389 865 454 ..85-

158 553 243 612 iuter
272 569 401 632 quorum
430 569 589 613 numerum
617 556 704 614 etiam
733 552 939 632 Aristophanis
963 555 1102 632 magister
1126 551 1339 616 Eratosthenes

159 647 344 710 relerendus
373 651 443 710 erit:
473 667 509 709 ne
534 649 587 710 hos
616 652 736 730 quidem
763 654 793 712 in
823 670 886 712 eam
915 653 1116 730 suspicionem
1143 652 1283 712 incidisse
1307 661 1341 713 ut

161 767 201 808 ex
227 745 497 808 Alexandrinorum
521 751 780 826 grammaticorum
805 749 957 828 diligentia
985 756 1015 808 et
1045 748 1223 827 amplissima
1247 752 1339 828 scrip·

165 855 268 905 torum
293 845 397 904 notitia
417 843 503 904 lacile
526 847 623 906 conici
646 855 753 927 potest,
777 849 817 907 ita
836 846 1041 907 Eratosthenis
1060 849 1179 907 nomine
1199 849 1229 908 in
1249 847 1340 908 schol.

161 961 193 1003 u.
222 939 308 1002 1194
338 951 457 1003 seruato
486 943 709 1026 comprobatum
742 948 878 1023 quamuis
906 946 986 1004 enim
1017 962 1075 1004 non
1108 964 1248 1023 expresse
1280 945 1340 1006 illic

159 1039 270 1102 Plutus
289 1042 373 1118 prior
392 1049 621 1102 commemorata
641 1051 695 1122 est,
714 1051 812 1103 mmen
832 1063 868 1103 ex
888 1061 931 1124 ea,
951 1060 1038 1120 quam
1054 1044 1239 1122 sequendum
1255 1044 1340 1104 nobis

162 1137 334 1218 uidebatur,
357 1141 603 1217 interpretatione
622 1161 660 1202 ne
680 1141 889 1221 obloquentem
914 1139 1043 1222 quidem,
1065 1143 1129 1201 ie.
1153 1145 1340 1203 consentien-

161 1245 223 1296 tem
248 1234 548 1314 deprehenderemus.
596 1237 627 1298 Si
662 1242 739 1299 enim
763 1238 977 1299 Eratosthenes
1000 1237 1119 1300 Plutum
1143 1242 1339 1317 posteriorem

160 1353 229 1394 esse
258 1335 439 1414 inuenisset,
468 1343 503 1394 ut
528 1334 629 1396 Nubes
656 1340 839 1417 posteriores
867 1353 934 1395 esse
962 1334 1108 1395 intellexit
1137 1331 1243 1418 (schol.
1268 1337 1337 1397 nub.

159 1429 253 1512 552),
282 1431 529 1510 quemadmodum
558 1435 623 1495 lieri
653 1438 786 1514 potuisse
811 1431 979 1514 explicabis
1003 1443 1036 1493 nt
1058 1442 1159 1513 postea
1185 1437 1249 1496 eius
1274 1454 1339 1496 sen·

162 1533 270 1608 tentia,
299 1547 356 1607 qua
385 1537 504 1609 accepta
531 1533 748 1612 interpretibus
777 1532 850 1594 nihil
877 1530 1096 1611 inextricabile,
1124 1531 1197 1592 nihil
1220 1533 1340 1594 dillicile

162 1627 307 1708 obstaret,
335 1647 393 1688 non
420 1628 507 1688 modo
531 1631 711 1713 reiceretur,
737 1631 788 1692 sed
813 1649 850 1691 ne
874 1630 961 1708 digna
986 1629 1105 1708 quidem
1131 1633 1280 1692 mentione
1304 1632 1340 1692 ab

163 1727 207 1786 eis
221 1724 394 1807 baberetur,
413 1729 464 1805 qui
479 1745 543 1787 eam
558 1726 757 1790 reiecissent‘?
782 1728 875 1798 Quam
894 1729 1071 1787 sententiam
1091 1729 1117 1786 si
1127 1726 1339 1789 Eratosthenes

163 1822 329 1902 habuisset,
352 1826 382 1883 in
407 1823 518 1884 scholio
545 1823 630 1886 1194
653 1845 745 1905 supra
770 1833 894 1886 tractato
918 1826 948 1884 in
967 1823 1171 1903 Lycophronis
1192 1829 1340 1887 sententia

160 1919 326 1980 refellenda
353 1939 451 1982 noune
479 1920 520 1982 ibi
548 1926 679 2003 optimus
707 1924 804 1999 locus,
834 1929 1001 2002 opportuna
1030 1923 1146 1981 occasio
1180 1922 1246 1982 data
1274 1933 1338 1985 erat

162 2021 230 2079 eius
249 2020 524 2080 commemorandae
541 2039 575 2082 ac
595 2021 819 2082 demonstrandi
836 2017 1061 2098 Lycophronem
1080 2017 1239 2098 propterea
1258 2039 1337 2082 erra-

161 2119 254 2197 uisse,
278 2119 347 2195 quia
370 2119 501 2196 priorem
524 2117 644 2181 Plutum
668 2118 768 2196 legere
792 2117 849 2178 sibi
872 2119 957 2177 uisus
981 2111 1084 2176 esset?

253 2213 298 2274 Vl.
333 2213 496 2275 Dolendum
521 2225 575 2298 est,
599 2214 678 2294 quod
700 2234 736 2274 ex
760 2214 809 2275 illo
834 2233 902 2293 uno,
926 2214 1005 2292 quod
1030 2213 1125 2274 adhuc
1150 2214 1337 2277 tractandum

160 2321 270 2393 restat,
298 2311 410 2373 scholio
433 2331 463 2373 u.
487 2309 552 2374 385
575 2316 687 2374 certius
716 2313 789 2373 nibil
816 2313 895 2372 effici
923 2319 1030 2389 potest.
1082 2311 1114 2371 Si
1137 2314 1215 2372 enim
1239 2315 1270 2374 in
1294 2314 1337 2375 di·
1373 2381 1376 2389 ,

160 2409 299 2470 dascaliis
332 2409 373 2470 ibi
410 2413 648 2472 commemoratis
681 2427 715 2470 ca
748 2412 881 2489 exposita
916 2409 1008 2468 luisse
1041 2408 1240 2470 demonstrari
1278 2411 1337 2471 ullo

161 2508 252 2568 modo
270 2518 381 2588 posset,
400 2527 475 2586 quae
495 2519 562 2587 post
581 2527 630 2569 eas
650 2507 781 2568 laudatas
800 2512 978 2586 sequnntur,
998 2524 1092 2583 usqne
1111 2506 1147 2566 ad
1168 2506 1337 2568 Callimachi

161 2615 297 2685 tempora
316 2607 567 2688 peruenissemus,
591 2606 644 2668 sed
664 2604 749 2666 aliam
768 2605 803 2665 de
824 2604 910 2664 Pluto
930 2604 1107 2664 sententiam
1127 2622 1186 2664 non
1206 2606 1336 2665 iuuenis·

165 2721 277 2764 semus.
314 2703 371 2763 Sed
396 2704 521 2764 tortasse
546 2704 681 2784 suppleri
703 2702 759 2763 alio
779 2703 865 2762 modo
885 2709 1020 2781 possunt,
1044 2719 1119 2780 qnae
1138 2720 1218 2761 nunc
1237 2705 1336 2782 requi·

161 2809 280 2861 ruutur.
321 2799 455 2861 Vidimus
474 2803 552 2863 enim
572 2799 799 2880 Aristophanem
818 2800 992 2879 Byzantium
1011 2801 1141 2877 priorem
1161 2797 1218 2859 sibi
1236 2798 1336 2878 legere

162 2901 261 2958 uisum
290 2915 356 2958 esse
384 2898 462 2959 Pluti
496 2899 633 2960 iabulam.
678 2897 768 2977 Atqui
795 2916 864 2958 eum
897 2905 1013 2956 constat
1041 2899 1104 2956 siue
1138 2897 1336 2959 additamenta

163 2998 228 3056 siue
256 2995 426 3056 aduersaria
449 2999 479 3056 in
504 2996 673 3058 Callimachi
697 2994 811 3055 tabulas
834 2986 1006 3078 (πίνακας)
1035 2995 1192 3073 scripsisse
1216 2988 1337 3075 (Athen.

163 3094 210 3154 lib.
235 3093 275 3154 lX
305 3091 370 3156 408
386 3094 416 3154 F.
445 3093 509 3153 Vlll
533 3093 597 3157 336
618 3087 671 3178 E),
699 3093 807 3172 quibus
831 3091 941 3152 tabulis
964 3095 1051 3151 etiam
1075 3092 1250 3154 didascaliac
1270 3092 1336 3154 illae

163 3193 392 3254 continebantur
419 3188 597 3273 (Etymolog.
620 3191 657 3250 hl.
682 3209 704 3251 s.
730 3211 753 3252 v.
778 3185 937 3272 πίνακες).
978 3188 1110 3250 Nouerat
1136 3191 1240 3270 igitur,
1268 3209 1336 3270 per·

164 3299 289 3350 uouerat
311 3291 521 3370 Aristophanes
545 3287 715 3352 Callimachi
746 3291 866 3368 scripta.
908 3287 990 3358 Quae
1015 3305 1083 3348 cum
1108 3291 1146 3349 ita
1172 3291 1240 3371 siut,
1265 3308 1336 3350 num

163 3390 283 3447 omnino
307 3387 448 3448 credibile
472 3396 526 3467 est,
549 3386 759 3450 Callimachum
778 3405 852 3468 eam,
876 3403 952 3464 quac
976 3393 1130 3465 superstes
1155 3395 1244 3467 esset,
1269 3387 1336 3447 Plu·

162 3495 223 3546 tum
249 3484 376 3546 iabulam
400 3487 465 3547 cius
489 3489 617 3548 nominis
636 3502 701 3544 esse
720 3488 929 3564 posteriorem,
952 3483 1180 3560 Aristophanem
1204 3486 1336 3560 priorem

160 3579 330 3644 iudicasse?
371 3581 433 3644 Hoc
456 3583 599 3644 accidisse
623 3591 687 3643 tum
711 3581 882 3658 concedam,
906 3579 958 3640 uhi
977 3581 1044 3660 quis
1068 3579 1140 3640 mihi
1160 3580 1224 3638 lieri
1248 3599 1335 3658 posse

158 3679 342 3762 probauerit,
361 3688 393 3740 ut
407 3690 565 3760 postquam
585 3677 678 3740 semel
697 3695 768 3740 uera
787 3681 910 3742 inuenta
934 3686 1013 3760 sunt,
1036 3677 1214 3756 quibuscum
1239 3681 1337 3739 omnia

159 3787 343 3859 congruunt,
380 3797 413 3838 ea
451 3779 488 3839 ab
519 3776 767 3856 Aristophanibus
800 3777 948 3858 Byzantiis
980 3777 1011 3836 in
1044 3773 1239 3836 dissimillima
1273 3777 1338 3836 ueri

158 3883 323 3956 mutentur,
347 3876 455 3956 quibus
478 3895 611 3938 summae
635 3873 825 3938 difficultates
849 3874 977 3935 obstent.

250 3973 309 4036 vit
344 3975 447 4036 Adhuc
476 3993 554 4037 unus
583 3982 676 4034 restat
702 3973 909 4055 Aristophanis
937 3973 1102 4052 interpres,
1134 3971 1182 4031 eui
1211 3969 1337 4032 sonasse

156 4075 274 4136 auctori
297 4081 378 4133 totus
400 4073 450 4133 bie
473 4072 510 4133 de
528 4071 617 4133 Pluto
641 4073 741 4147 priore
765 4090 852 4134 error
876 4069 1054 4132 tribuendus
1072 4077 1127 4147 est,
1150 4067 1337 4150 Lycophron,

157 4189 249 4250 quem
270 4188 327 4230 una
356 4187 422 4230 eum
446 4167 613 4232 Alexandro
636 4168 739 4230 Aetolo
768 4169 899 4231 Graecae
927 4171 1001 4228 artis
1028 4167 1162 4245 poeticos
1190 4162 1283 4226 libros
1306 4169 1337 4227 itt

157 4287 254 4330 unum
277 4267 430 4348 collegisse
453 4276 483 4328 et
502 4269 533 4330 in
557 4265 693 4326 ordinem
714 4267 867 4350 redegisse
890 4270 930 4328 ita
949 4271 1066 4326 conant
1084 4283 1101 4324 e
1121 4263 1232 4324 scholio
1251 4264 1336 4325 Plau·

155 4369 221 4428 tino
249 4385 295 4446 ap.
317 4364 431 4426 Duabu.
456 4363 490 4446 ll,
514 4387 530 4428 a
554 4384 583 4444 p.
608 4360 699 4436 Xllll,
727 4375 761 4428 ut
790 4371 857 4448 ipse
881 4365 1048 4426 comoedias
1071 4361 1249 4424 ordinandas
1273 4381 1337 4424 sus-

155 4465 280 4545 ciperet.
323 4460 430 4523 Contra
455 4463 481 4522 si
500 4463 549 4526 hic
574 4463 675 4524 statim
695 4461 731 4523 ab
751 4465 838 4528 initio
856 4461 976 4525 Plutum
995 4479 1041 4544 eo,
1059 4479 1118 4542 quo
1137 4459 1249 4544 debuit,
1273 4461 1337 4522 loeo
