3246 5250
654 369 874 432 „93-

263 532 285 594 l.
317 531 469 592 Neminem
493 535 524 593 in
544 551 576 591 ea
597 530 758 609 quidquam
778 533 845 591 ueri
863 531 1017 612 bonaeque
1037 533 1234 595 adnotationis
1253 533 1349 594 simile

167 632 273 692 inesse
303 633 442 691 statuisse
470 632 558 692 uideo
586 637 706 708 praeter
734 634 827 690 urium
855 629 1048 691 Franciscum
1071 630 1234 711 Ritterum,
1264 634 1349 692 cuius

168 731 270 808 ipsius
298 727 389 789 uerba
417 727 574 788 breuitatis
602 745 689 788 causa
714 743 867 804 apponam.
914 728 991 788 Dicit
1014 732 1093 788 enim
1116 748 1144 808 p.
1169 727 1211 791 55
1228 748 1271 808 sq.
1301 728 1350 790 hic

170 829 222 888 uir
240 825 349 886 doctus
369 825 455 886 baec:
478 820 578 884 ‘Falsa
599 832 645 884 est
664 824 837 885 scholiastae
857 825 1026 907 explicati03
1051 829 1076 886 si
1097 826 1222 904 legimus
1242 819 1349 904 εἰδώς,

170 925 231 984 boc
269 941 337 984 cum
374 913 510 984 πύθοιτ’
544 940 633 984 unam
669 924 788 982 efficere
821 927 973 984 notionem
1006 924 1196 985 statuendum
1229 934 1288 984 est:
1325 927 1351 984 si

172 1021 310 1101 luppiter
337 1020 442 1081 horum
471 1020 561 1081 stulta
590 1020 711 1080 consilia
739 1023 924 1099 perspiciens
952 1023 1142 1103 cognouerit,
1170 1041 1218 1081 me
1241 1024 1351 1081 contri-

173 1121 263 1180 uerit.
310 1117 366 1178 Sed
397 1136 431 1178 ea
460 1119 607 1177 sententia
638 1127 667 1176 et
695 1117 858 1178 uerborum
886 1119 1040 1180 collocatio
1064 1138 1133 1180 cum
1156 1138 1261 1198 parum
1284 1137 1352 1198 pro·

171 1215 298 1276 baretur
329 1217 386 1293 ipsi
417 1223 536 1294 poetae,
573 1216 683 1293 prioris
715 1233 823 1277 uersus
856 1226 971 1296 partem
1004 1220 1035 1277 in
1066 1216 1153 1278 Pluto
1185 1219 1351 1295 posteriore

175 1314 356 1374 emendauit.
393 1314 429 1374 ht
453 1309 624 1391 quomodo?
661 1311 692 1371 ln
717 1311 898 1374 Brunclrlani
923 1315 1034 1375 codicis
1058 1318 1191 1394 margine
1215 1313 1351 1393 libroque

173 1411 346 1473 Rauennate
369 1429 422 1489 pro
446 1407 544 1483 εἰδώς
568 1409 677 1486 legitur
696 1401 763 1471 οἷδ’
786 1402 841 1490 ὡς,
865 1429 941 1490 quae
964 1416 1111 1491 scriptura
1130 1431 1185 1491 pro
1205 1414 1351 1471 sententia

175 1509 304 1570 obscura
338 1511 506 1588 suppeditat
539 1507 653 1568 facilem
686 1518 716 1567 et
750 1507 891 1589 lucidam,
921 1528 975 1587 pro
1008 1510 1169 1570 uerborum
1200 1517 1351 1568 structura

174 1609 313 1667 intricata
340 1608 603 1686 expeditissimam:
632 1623 689 1683 qua
719 1605 754 1665 de
784 1625 871 1666 causa
900 1609 1100 1668 certissimum
1124 1606 1196 1666 mihi
1231 1605 1351 1686 uidetur

175 1704 255 1764 illam
281 1705 515 1765 emendationem
540 1702 576 1763 ab
600 1705 664 1782 ipso
687 1712 773 1782 poeta
796 1707 826 1762 in
846 1705 976 1765 secunda
997 1706 1076 1766 Pluti
1095 1707 1224 1765 editione
1243 1705 1350 1764 iactam

174 1797 268 1862 esse'
315 1802 353 1862 m
380 1803 449 1862 milri
477 1802 712 1862 incertissimum
742 1801 869 1861 riidetur.
915 1801 1020 1862 Paucis
1050 1811 1165 1862 tantum
1194 1805 1258 1861 eius
1283 1819 1349 1861 sen·

174 1900 299 1958 tentiam
313 1899 462 1959 infirmare
478 1897 613 1959 studebo.
637 1895 769 1957 Primum
785 1917 848 1958 eam
865 1898 1099 1978 explicationem,
1115 1917 1203 1978 quam
1217 1897 1350 1959 Ritterus

172 1999 332 2075 proposuit
355 1996 516 2058 uerborum
544 1987 643 2067 εἰδὼς
670 1994 701 2054 εί
726 1988 888 2073 πύθοιτο,
918 1998 1038 2055 omniuo
1067 1996 1169 2056 lalsam
1197 2000 1350 2057 nominare

174 2113 234 2154 non
255 2092 371 2175 dubito;
391 2114 457 2154 nam
478 2111 599 2172 quoquo
618 2100 647 2152 te
667 2096 805 2173 necteris,
825 2111 944 2172 semper
961 2084 1183 2173 ταύτολογίαν
1203 2095 1349 2173 quandam

173 2191 313 2274 babebis3
337 2192 424 2252 talem
448 2202 546 2253 autem
570 2181 802 2269 ταύτολογίαν,
826 2190 921 2269 qualis
945 2190 1017 2251 haec
1044 2201 1098 2272 est,
1122 2192 1350 2271 Aristophanem

174 2307 316 2366 nmquam
330 2289 483 2350 admisisse
499 2290 638 2351 arbitrari
657 2283 747 2349 ‘tanti
761 2295 865 2366 poetae
872 2282 891 2368 ',
916 2298 948 2348 ut
967 2308 1035 2348 cum
1051 2288 1217 2351 Fritzsohio
1237 2291 1350 2371 loquar,

173 2382 319 2465 ‘persona
342 2388 580 2466 indignissimum
604 2381 687 2446 esse'
710 2387 861 2466 profiteor.
908 2384 1019 2445 Deinde
1044 2385 1116 2446 illud
1141 2389 1262 2467 quidem
1285 2390 1351 2448 lieri

173 2487 309 2563 potuisse
328 2504 388 2546 nou
407 2504 493 2567 nego,
512 2495 546 2546 ut
564 2487 621 2545 iam
641 2487 672 2545 in
691 2487 821 2564 antiquis
840 2482 994 2544 codicibus
1015 2473 1081 2542 οἶδ’
1104 2476 1148 2557 ὡς
1167 2489 1197 2545 in
1218 2490 1350 2565 margine

173 2581 338 2664 legeretur,
371 2584 423 2644 sed
451 2584 677 2663 Aristophanem
711 2585 750 2642 ita
779 2583 935 2660 scripsisse
964 2598 1032 2640 cum
1060 2581 1236 2662 Bambergio
1264 2602 1351 2665 nego,

174 2683 282 2758 quiin
305 2681 489 2742 Fleckeiseui
513 2681 668 2742 annalibus
690 2680 770 2740 illam
794 2679 913 2758 quidem
937 2677 1119 2739 locutionem
1143 2671 1210 2741 οἷδ’
1236 2672 1287 2740 ὅτι
1310 2684 1350 2740 ita

176 2780 257 2838 iuter
276 2788 374 2838 cetera
393 2778 485 2839 uerba
504 2780 663 2858 interponi,
682 2796 829 2856 nusquam
848 2784 946 2835 autem
966 2766 1031 2836 οἷδ’
1050 2767 1095 2848 ὡς
1113 2779 1153 2836 ita
1174 2787 1349 2856 usurpatum

175 2893 243 2936 esse
266 2875 347 2937 dixit.
392 2876 495 2956 Neque
519 2895 619 2937 errare
643 2877 715 2936 mihi
739 2875 852 2954 uideor,
876 2875 901 2932 si
925 2876 1103 2952 scripturam
1129 2864 1195 2935 οἶδ’
1222 2865 1267 2947 ὡς
1290 2893 1350 2934 non

175 2977 275 3034 miuus
305 2975 505 3036 coniecturam
534 2993 600 3034 esse
627 2974 812 3053 grammatici
839 2972 941 3030 nescio
971 2971 1057 3030 cuius
1085 2972 1233 3032 contendo
1262 2989 1350 3050 quam

176 3069 332 3132 Fritzschii
356 3075 562 3132 mutationem:

333 3175 352 3247 ὁ
377 3179 462 3258 Ζεὺς
484 3180 546 3267 μὲν
570 3170 645 3264 οὖν,
668 3169 690 3263 ἦ
714 3175 744 3244 d’
767 3175 815 3263 ὅς,
838 3175 878 3244 τὰ
901 3175 1030 3244 τούτων
1053 3174 1138 3266 μῶρ’
1160 3172 1204 3244 ἂν
1227 3179 1258 3244 εἰ

331 3276 467 3346 πύθοιτ’
494 3276 544 3365 ἔμ’
571 3279 758 3364 ἐπιτρίψειε.
821 3314 825 3320 -

267 3405 302 3468 ll.
337 3408 415 3468 Alias
439 3411 517 3490 uias,
544 3409 595 3468 sed
619 3411 697 3468 inter
722 3425 753 3468 se
777 3405 888 3467 similes
911 3407 1040 3484 ingressi
1063 3413 1134 3465 srrnt
1157 3404 1351 3466 Thierschius

175 3515 208 3566 et
231 3503 477 3586 heldemannus,
501 3524 628 3585 quorum
651 3503 699 3565 ille
723 3503 808 3564 dicit:
832 3498 953 3564 ‘Melius
977 3511 1058 3562 certe
1083 3500 1147 3582 init,
1171 3502 1196 3560 si
1219 3502 1351 3582 dixisset,

175 3602 324 3682 quomodo
353 3610 484 3666 mutatus
512 3611 604 3684 esset;
638 3600 715 3682 quod
746 3619 837 3681 quum
866 3603 1030 3680 omitteret,
1059 3618 1180 3680 uereor,
1209 3620 1246 3662 ne
1276 3620 1351 3661 uana

174 3703 333 3762 iactauerit
355 3696 498 3784 somnia’;
521 3701 570 3762 hic
593 3719 667 3761 uero
690 3698 763 3760 haec
788 3699 880 3762 uerba
904 3699 986 3758 iecit:
1015 3693 1109 3769 ‘Quid
1135 3703 1279 3758 mutatum
1305 3701 1352 3778 sit,

175 3817 236 3858 non
255 3798 379 3880 addidit3
403 3801 550 3880 suspicari
567 3798 638 3859 licet
655 3815 749 3875 aeque
769 3804 857 3876 atque
877 3800 907 3857 in
927 3799 1082 3874 superiore
1104 3814 1195 3856 uersu
1216 3795 1351 3856 lectionis

175 3896 350 3957 uarietatem
365 3895 437 3957 nibil
452 3898 545 3959 inisse
562 3897 618 3957 nisi
632 3896 816 3974 grammatici
831 3895 965 3972 alicuius,
985 3895 1035 3972 qui
1053 3892 1146 3953 uerba
1161 3910 1220 3952 nou
1236 3892 1351 3953 intelle-

173 4000 261 4072 geret
283 3985 564 4074 interpolationem?

265 4089 314 4152 lll.
337 4091 407 4152 Mihi
421 4091 544 4172 quidem
560 4089 590 4152 C.
605 4089 635 4151 F.
651 4085 844 4172 Hermanui¹)
868 4083 951 4175 (Ges.
966 4089 1039 4150 bbh.
1054 4107 1082 4167 p.
1097 4084 1157 4168 45)
1173 4089 1351 4150 sententiam

252 4211 277 4276 l)
295 4209 450 4264 Hermanni
464 4209 552 4266 uerba
566 4211 632 4264 sunt
645 4209 728 4264 haec:
750 4208 832 4262 ‘Dass
852 4207 897 4263 die
912 4205 1065 4276 Korruptel
1083 4208 1126 4262 alt
1144 4207 1190 4272 ist,
1208 4207 1283 4276 zoigt
1301 4207 1352 4262 das

174 4287 323 4357 Scholiou;
348 4306 378 4344 so
401 4288 468 4344 dass
492 4307 557 4346 man
580 4288 653 4344 wohl
677 4288 728 4344 aul
749 4287 802 4342 den
827 4287 980 4342 Gedanlxen
1003 4287 1136 4343 hominen
1154 4285 1278 4354 honnte,
1303 4287 1353 4342 der

174 4367 320 4424 Scholiast
342 4367 415 4424 habe
437 4368 530 4424 blosse
555 4371 707 4424 Variauten
731 4368 776 4422 idr
799 4367 883 4422 hesta
906 4367 955 4422 der
984 4367 1137 4438 doppelten
1162 4365 1352 4438 Bearbeitung

171 4450 367 4524 genommeu.‘
