3246 5250
634 400 853 464 „g3...

150 562 396 642 quibuscumque
420 562 493 622 locis
517 561 662 640 Apollonii
685 579 793 621 nomen
813 563 975 640 inuenitur,
999 562 1028 620 ei
1046 562 1125 620 inter
1144 577 1175 618 se
1190 557 1331 618 simillimi

150 668 185 721 et
214 659 291 720 tales
315 668 393 740 sunt,
422 669 456 720 ut
487 678 539 719 eos
567 661 597 718 in
625 658 682 718 alio
706 658 781 719 libro
811 676 897 736 quam
926 661 956 718 in
986 659 1197 719 commentario
1220 657 1332 715 Aristo·

150 757 274 835 phaneo
304 758 433 817 inueniri
463 758 595 835 potuisse
624 755 703 816 haud
726 756 810 818 lacile
836 757 889 817 tibi
912 756 1100 836 persuadeas.
1149 753 1331 832 Discipulum

151 875 225 916 eurn
260 854 352 914 luisse
385 854 562 934 Aristarchi,
594 855 778 931 grammatici
811 854 890 915 illius
928 853 1128 932 celeberrimi,
1165 850 1332 911 luculenter

151 953 374 1014 demonstrauit
397 950 478 1032 Blau,
501 972 529 1031 p.
553 947 597 1012 50
621 969 685 1029 sqq.

249 1052 287 1110 At
315 1069 350 1110 ex
379 1057 439 1109 tota
467 1049 521 1109 hac
550 1049 798 1127 contemplatione
827 1050 898 1127 quid
927 1049 1004 1108 lucri
1033 1044 1189 1109 aufertur?
1230 1047 1334 1106 Nonne

156 1148 212 1209 hac
238 1147 312 1208 nihil
336 1165 389 1207 nos
412 1148 558 1226 prolicere
578 1155 709 1226 apparet,
732 1149 801 1224 quia
820 1146 995 1225 Apollonius
1013 1145 1220 1223 Aristophanis
1243 1143 1335 1204 uerbo

154 1255 241 1306 recte
265 1245 302 1305 ad
320 1244 538 1322 Thrasybulum
561 1243 644 1304 illum
665 1246 853 1304 notissimum
878 1247 991 1322 patriae
1016 1243 1162 1304 libertatis
1188 1242 1337 1302 uindicem

154 1353 186 1404 et
212 1343 385 1421 Dionysium
410 1349 566 1422 tyrannum
591 1339 728 1402 rettulit?
765 1341 869 1402 Nonne
895 1344 921 1401 is
946 1359 978 1400 se
1002 1343 1197 1420 posteriorem
1218 1338 1337 1401 Plutum

153 1449 289 1502 tractare
308 1441 460 1500 censuisse
480 1437 608 1501 clamat?
638 1439 729 1500 Recte
749 1439 822 1499 haec
842 1439 991 1518 disputata
1011 1437 1162 1517 uidentur,
1181 1455 1240 1496 non
1260 1446 1338 1516 sunt,

153 1557 258 1617 neque
292 1555 411 1616 uereor,
445 1555 482 1596 ne
516 1556 590 1614 quae
622 1538 695 1617 dixi,
729 1555 762 1596 ea
795 1539 947 1598 incassum
980 1539 1077 1596 omnia
1110 1536 1339 1614 explanauerim.

153 1637 257 1714 Supra
286 1637 343 1694 iam
372 1653 417 1694 me
447 1634 559 1695 similes
582 1634 785 1695 dubitationes
808 1634 985 1714 propulsare
1010 1637 1132 1694 memini
1160 1636 1339 1715 easdemque

154 1751 266 1796 causas
291 1751 368 1792 nunc
388 1733 486 1793 lacere
511 1750 570 1792 non
589 1751 721 1814 possum,
745 1735 818 1811 quin
842 1750 979 1810 magnam
1003 1743 1118 1809 partem
1142 1733 1201 1792 huc
1222 1753 1340 1813 quoque

153 1832 284 1892 traham.
333 1829 405 1890 llam
442 1833 570 1909 primum
604 1830 777 1908 Apollonius
809 1847 990 1907 quamquam
1023 1829 1201 1910 Aristarchi,
1234 1836 1342 1894 summi

152 1929 352 2008 grammaici,
376 1926 541 2005 discipulus
565 1939 643 2006 erat,
671 1939 770 1988 tamen
797 1927 965 1988 cauendum
989 1936 1044 2006 est,
1074 1945 1111 1987 ne
1140 1928 1178 1989 ab
1202 1949 1238 1990 eo
1262 1950 1340 1991 com·

154 2027 339 2112 meptarium
362 2025 502 2086 omuibus
521 2028 656 2086 numeris
675 2025 843 2086 absolutum
869 2027 1073 2103 couscriptum
1101 2044 1167 2086 esse
1191 2037 1341 2108 putemus,

154 2127 188 2184 in
215 2141 275 2200 quo
299 2141 334 2182 ne
359 2123 507 2183 tantillum
531 2124 652 2201 quidem
674 2126 787 2183 erroris
810 2125 933 2184 inesset.
979 2123 1058 2183 Nihil
1086 2125 1178 2202 igitur
1208 2125 1341 2204 impedit,

156 2222 321 2300 quominus
347 2239 414 2283 eum
440 2239 562 2300 quoque
586 2221 623 2280 de
647 2223 747 2301 priore
771 2219 858 2281 Pluto
882 2224 1043 2302 cogitasse,
1072 2223 1123 2281 sed
1148 2221 1340 2284 nihilomiuus

156 2336 283 2380 uersum
313 2317 439 2397 aliquem
472 2327 553 2380 recte
584 2322 814 2398 interpretatum
843 2337 910 2380 esse
940 2318 987 2378 uel
1021 2319 1117 2378 uideri
1150 2320 1339 2382 arbitremur.

156 2415 355 2494 videmusne,
383 2419 470 2477 utin
499 2415 681 2478 scholiorum
706 2419 846 2495 congerie
875 2426 995 2495 praeter
1018 2415 1097 2475 illam
1121 2416 1271 2494 Apollonii
1290 2438 1339 2478 ex-

159 2513 353 2593 plicationem
380 2517 468 2575 etiam
498 2514 571 2574 aliae
600 2513 770 2592 complures
797 2516 892 2575 insint
919 2514 1138 2593 adnotationes,
1169 2533 1205 2574 ex
1230 2515 1339 2596 quibus

157 2614 185 2670 si
207 2610 379 2670 scholiastes
397 2612 518 2673 Plutum
538 2614 736 2690 posteriorem
756 2611 856 2689 legere
872 2609 929 2670 sibi
949 2612 1030 2670 uisos
1050 2627 1116 2670 esse
1136 2611 1340 2692 concluderes,

157 2709 240 2768 hanc
264 2708 486 2770 conclusionem
510 2710 612 2778 falsam
636 2712 700 2771 lore
724 2712 796 2771 satis
815 2726 967 2789 superque
992 2707 1247 2770 demonstrauisse
1268 2710 1340 2770 mihi

158 2805 276 2866 uideor.
322 2805 416 2867 Porro
447 2811 472 2868 si
507 2808 681 2888 Apollonius
708 2806 788 2868 Pluti
819 2805 948 2867 fabulam
979 2807 1020 2865 ita
1051 2805 1274 2888 explicauisset,
1307 2817 1340 2868 ut

158 2903 280 2964 Plutum
300 2921 374 2984 eam,
398 2923 485 2982 quam
505 2908 766 2986 interpretaretur,
788 2905 987 2983 posteriorem
1008 2922 1073 2964 esse
1094 2923 1131 2964 ex
1154 2905 1255 2966 uerbis
1275 2907 1340 2966 eius

159 2999 261 3078 colligi
288 3011 398 3081 posset,
426 3005 594 3064 certissime
620 3003 775 3083 Didymus
799 3003 872 3064 mihi
896 2999 998 3062 crede!
1028 3005 1059 3062 in
1083 3009 1141 3062 tam
1165 3022 1339 3081 peruersam

159 3101 340 3159 seutentiam
364 3118 525 3178 numquam
548 3099 711 3161 incidisset.
754 3099 819 3160 Non
844 3102 937 3178 igitur
956 3099 1054 3180 uideo,
1077 3118 1132 3160 cur
1152 3102 1338 3179 Apollonium

160 3199 261 3274 ipsum
284 3215 403 3276 quoque
427 3200 558 3276 priorem
583 3198 701 3259 Plutum
727 3197 854 3259 tractare
884 3198 943 3258 sibi
966 3199 1066 3258 uisum
1088 3215 1155 3260 esse
1178 3217 1238 3260 non
1262 3199 1339 3260 arbi·

161 3303 285 3354 [remur.

252 3390 296 3452 IV.
337 3391 397 3452 lam
426 3394 517 3471 igitur
545 3412 642 3472 usque
670 3394 707 3454 ad
730 3393 877 3472 Apollonii
901 3401 1026 3454 aetatem
1051 3394 1114 3472 uel,
1137 3396 1276 3471 quoniam
1300 3413 1338 3454 ne

161 3488 211 3549 hic
238 3489 358 3568 quidem
387 3493 552 3552 consistere
581 3492 666 3572 licet,
696 3491 732 3551 ad
760 3491 927 3552 Aristarchi
955 3501 1087 3570 tempora
1121 3491 1339 3574 descendimus,

161 3586 215 3648 sed
243 3588 373 3648 nondum
403 3608 529 3668 usquam
557 3607 738 3669 quemqnam
765 3589 986 3670 indagauimus,
1020 3607 1108 3668 quem
1140 3591 1338 3668 posteriorem

162 3685 280 3746 Plutum
304 3687 361 3748 sibi
384 3687 484 3766 legere
507 3690 608 3750 uisum
632 3706 697 3748 esse
717 3687 866 3747 affirmare
885 3689 1043 3764 possimus.
1086 3686 1179 3746 lmmo
1203 3687 1337 3748 neultra

161 3784 281 3862 quidem
300 3785 465 3846 Aristarchi
484 3796 619 3866 tempora
637 3803 817 3865 quemquam
840 3784 878 3844 de
896 3787 1061 3862 posteriore
1080 3783 1168 3844 Pluto
1191 3787 1337 3863 cogitasse

162 3881 320 3962 contendo,
344 3885 514 3944 testimonio
537 3903 612 3946 usus
635 3883 749 3946 scholio
772 3883 809 3943 ad
834 3901 861 3942 u.
888 3877 960 3942 179.
1007 3880 1126 3942 Nouum
1149 3884 1180 3942 in
1204 3901 1239 3942 eo
1263 3882 1337 3943 alius

162 3981 335 4060 interpretis
350 3981 560 4061 Aristophanei
574 3991 671 4044 exstat
686 3999 803 4060 nomeu,
818 3977 987 4042 Callistrati.
1015 3979 1149 4040 Primum
1165 3979 1337 4058 intellegere

161 4076 341 4158 studeamus,
360 4079 432 4158 quid
454 4079 504 4140 ille
523 4080 560 4140 de
579 4099 688 4142 uersus
710 4077 772 4142 179
792 4077 987 4158 explicatione
1008 4080 1144 4138 senserit
1177 4077 1337 4157 Postquam

161 4175 200 4234 de
223 4175 311 4235 Laide
335 4179 503 4255 expositum
528 4177 626 4255 deque
646 4181 710 4238 eius
733 4185 829 4238 aetate
849 4174 1016 4236 dubitatum
1040 4185 1094 4255 cst,
1118 4174 1275 4236 scholiasta
1295 4178 1337 4238 sic

161 4272 262 4334 dicere
286 4275 397 4352 pergit:
424 4272 621 4354 Φιλωνίδην
645 4267 682 4336 dt
706 4265 747 4338 οὐ
770 4267 830 4337 τὸν
853 4265 996 4352 ποιητήν
1019 4286 1102 4354 φησι
1125 4265 1184 4335 τὸν
1208 4270 1244 4336 ἐν
1269 4283 1339 4348 τοῖς

158 4365 445 4450 Ἀριστοφανείονς
472 4367 743 4454 ἐγγεγραμμένον
768 4367 951 4454 δράμασιν,
980 4363 1024 4446 ὡς
1051 4369 1087 4434 ol
1111 4365 1187 4452 περὶ
1215 4371 1338 4434 Καλλί-

161 4481 306 4548 στρατον
325 4465 501 4548 (olomuc)
527 4467 563 4532 ἐν
582 4469 622 4552 τῇ
643 4462 821 4556 ὁμωνυμίᾳ
838 4465 1078 4550 πλανηθέντες·
1102 4461 1185 4532 ἀλλὰ
1203 4472 1271 4532 κτλ.
1303 4469 1340 4530 m

1092 4571 1129 4624 6*
