3246 5250
757 381 976 444 ,92-

277 546 381 606 similis
410 554 440 607 et
467 564 482 604 a
511 544 667 606 scholiasta
696 545 816 605 demum
844 562 966 604 uersum
995 547 1080 623 quasi
1108 545 1250 606 odorante
1279 547 1309 605 in
1343 562 1455 605 uersus

279 643 365 724 prohi
390 645 514 703 lormam
537 635 691 726 redactus)
716 645 1015 721 interpretamentum
1040 647 1186 705 contineri
1209 663 1313 723 parum
1337 643 1454 704 intelle-

277 741 355 803 xisse
388 749 417 802 et
448 744 502 823 ita,
534 743 707 801 inscientiae
736 740 910 801 conicienda
939 741 1181 822 subuenientem,
1211 760 1278 802 cum
1308 742 1336 801 ei
1364 740 1456 801 simul

277 840 354 899 forte
380 839 505 918 quadam
530 838 656 917 duplicis
680 838 760 899 Plnti
783 841 966 898 recensionis
994 841 1024 899 in
1052 848 1182 901 mentem
1211 842 1341 920 ueniret,
1368 838 1456 900 illum

277 954 413 1016 uersum,
446 939 510 996 siue
544 939 574 996 in
607 938 739 1014 margine
773 936 955 1017 adscriptum
986 940 1049 999 siue
1083 941 1161 999 intra
1193 938 1317 1000 lineolas-
1348 955 1455 1016 super-

279 1037 423 1113 scriptum
451 1051 486 1093 ex
510 1036 676 1112 posteriore
696 1033 783 1095 Pluto
805 1035 944 1097 haustum
968 1055 1034 1096 esse
1058 1039 1283 1097 existimauisse.
1319 1035 1357 1120 Et
1376 1052 1455 1113 quae

278 1132 334 1192 hoc
359 1132 445 1192 modo
470 1132 665 1192 coniectando
690 1131 746 1193 sibi
764 1134 898 1217 tinxerat,
921 1153 978 1213 qua
998 1142 1082 1194 erant
1101 1133 1276 1195 scholiastae
1295 1132 1454 1211 ultimique

276 1233 458 1308 interpretes
488 1231 681 1310 confidentia,
709 1230 773 1290 aliis
801 1249 854 1310 pro
879 1251 952 1292 uero
979 1233 1134 1293 uenditare
1162 1250 1222 1291 non
1251 1230 1399 1291 dubitauit
1423 1239 1457 1291 et

277 1327 531 1388 commentariolis
555 1330 617 1388 suis
642 1328 802 1410 mandauit,
826 1328 905 1388 unde
929 1330 959 1388 in
983 1328 1163 1390 scholiorum
1187 1337 1359 1389 nostrorum
1382 1347 1454 1388 con·

279 1430 392 1506 geriem
416 1435 621 1488 manauerunt.

365 1525 411 1586 Vl.
450 1525 544 1596 Quem
574 1525 608 1586 ad
638 1528 726 1586 finem
751 1544 830 1586 nunc
854 1523 1009 1602 cogitando
1033 1522 1223 1584 deliberando
1248 1522 1454 1585 concludendo

277 1625 396 1684 adducti
420 1641 537 1703 sumus,
562 1630 595 1682 ut
618 1623 794 1683 scholiastae
819 1639 940 1682 uersum
965 1623 1100 1699 spurium
1125 1641 1191 1682 esse
1214 1629 1392 1702 statuamus,
1416 1623 1454 1682 ad

277 1721 403 1782 eundem
434 1724 521 1780 etiam
550 1729 750 1798 peruenturos
779 1739 810 1780 se
839 1737 904 1779 esse
932 1720 1056 1780 fuerunt
1079 1723 1131 1800 qui
1154 1723 1371 1793 existimarent,
1401 1719 1455 1781 ubi

277 1821 440 1879 orationem
465 1821 634 1879 accuratius
658 1822 888 1898 examinassent3
913 1818 964 1877 sed
989 1835 1092 1878 eorum
1116 1825 1289 1896 argumenta
1313 1818 1454 1878 sulficere

277 1916 349 1976 mihi
373 1935 432 1977 non
458 1917 607 1977 uidentur.
653 1916 713 1977 lam
737 1911 1017 1998 urhurschms1)
1046 1925 1168 1995 propter
1196 1914 1269 1975 tales
1293 1933 1398 1975 causas
1422 1918 1454 1975 in

276 2014 451 2075 scholiastae
479 2032 570 2074 uersu
594 2014 725 2095 ollendit,
750 2031 817 2074 cum
841 2008 990 2094 ‘uersum,
1014 2015 1079 2074 siue
1098 2023 1225 2073 metrum
1245 2015 1309 2073 siue
1330 2031 1454 2072 sensum

277 2121 404 2193 spectes,
428 2131 463 2172 eo
488 2129 577 2191 quem
602 2129 681 2171 nunc
705 2118 805 2171 textus
824 2118 1037 2192 repraesentet,
1060 2110 1153 2171 multo
1172 2105 1360 2170 interiorem’
1385 2127 1453 2170 esse

277 2210 368 2289 dicat3
397 2210 476 2289 quod
502 2217 600 2269 alitem
624 2208 693 2268 inde
717 2207 799 2268 illum
823 2226 945 2269 uersum
969 2212 1069 2288 potius
1092 2209 1186 2288 priori
1208 2206 1295 2268 Pluto
1319 2206 1454 2268 tribuen-

277 2309 348 2369 dum
381 2325 446 2367 esse
479 2306 642 2386 concludit,
675 2306 731 2366 hoc
764 2308 829 2368 lieri
861 2326 920 2367 non
953 2325 1040 2386 posse
1075 2308 1203 2368 uidimus
1231 2315 1261 2367 et
1289 2325 1325 2366 ex
1353 2308 1453 2366 animo

276 2405 439 2466 Fritzschio
469 2425 497 2484 p.
523 2401 586 2465 173
615 2406 762 2464 assentior
791 2423 842 2464 eos
872 2407 1066 2484 uituperanti,
1096 2406 1148 2484 qui
1176 2399 1229 2464 ‘de
1255 2404 1452 2481 Aristophane

277 2511 336 2563 tam
365 2501 516 2563 humiliter
545 2505 686 2582 sentiant,
714 2511 748 2563 ut
775 2521 843 2563 cunr
871 2505 901 2562 in
931 2502 1110 2562 renouandis
1134 2502 1295 2562 comoediis
1318 2500 1451 2580 singulos

277 2619 398 2681 uersum,
435 2600 542 2682 uerha,
579 2599 681 2660 literas
713 2601 926 2679 literarumque
959 2601 1058 2677 apices
1090 2601 1176 2659 auxie
1210 2601 1350 2660 rimatum
1383 2617 1450 2659 esse

277 2707 396 2778 putent:
419 2697 476 2757 hoc
500 2700 575 2758 tanti
598 2705 701 2777 poetae
726 2716 852 2776 persona
876 2697 1114 2776 indignissimum
1138 2691 1226 2758 esse?

368 2795 605 2858 Heldermannus
632 2814 705 2857 uero
735 2815 803 2856 oum
832 2796 902 2856 alias
927 2805 990 2856 tum
1014 2795 1132 2856 easdem
1155 2795 1323 2856 Thierschii
1346 2815 1452 2857 causas

278 2902 413 2975 secutus,
441 2896 499 2954 nisi
528 2894 605 2972 quod
634 2897 664 2954 in
692 2903 787 2955 metro
816 2913 876 2955 non
905 2893 1113 2954 offendendum
1137 2912 1203 2954 esse
1232 2901 1347 2971 censet,
1377 2896 1451 2955 item

277 3001 365 3072 atque
381 3011 435 3052 nos
450 2991 624 3052 scholiastae
638 3009 760 3052 uersum
776 3011 830 3071 pro
851 2986 1130 3071 ‘interpolamento'
1149 2993 1334 3070 grammatici
1352 2990 1452 3071 hahet,

278 3091 350 3151 laiso
379 3098 478 3150 tamen
506 3087 714 3149 Thierschium
743 3107 861 3168 quoque
890 3107 1011 3150 uersum
1039 3089 1226 3149 damnauisse
1252 3097 1343 3148 ratus.
1390 3088 1451 3148 Sed

277 3207 314 3248 ne
348 3188 453 3265 longus
485 3189 554 3266 sim,
591 3188 685 3264 ipsius
718 3186 808 3247 uerba
842 3205 990 3266 apponere
1022 3186 1126 3267 placet.
1183 3186 1319 3264 Disputat
1351 3192 1451 3246 autem

277 3306 305 3367 p.
330 3283 349 3346 3
374 3285 459 3345 haec:
488 3279 538 3344 ‘ln
567 3286 725 3362 postremis
749 3284 891 3345 uersiculi
914 3285 1015 3345 uerbis
1040 3287 1135 3345 uariat
1158 3283 1259 3345 lectio:
1288 3273 1331 3362 ἣν
1355 3281 1453 3364 ἔχεις,

278 3374 300 3464 ἥ
323 3374 354 3444 α’
381 3381 456 3463 ἔχει.
501 3381 646 3443 Attractio
669 3367 709 3461 ἧς
732 3381 825 3463 ἔχεις,
849 3400 941 3460 quum
964 3383 1128 3460 praecessit
1150 3374 1286 3461 ταύτης,
1311 3383 1368 3441 etsi
1391 3400 1454 3442 non

278 3483 400 3542 omnino
424 3479 633 3559 uituperanda,
662 3491 759 3539 tamen
783 3481 814 3539 in
837 3479 892 3540 hac
916 3479 1077 3540 uerborum
1101 3483 1241 3540 iunctura
1264 3479 1369 3539 durior
1392 3488 1456 3562 est3

279 3599 371 3660 qtiare
395 3578 622 3658 praeferendum
646 3565 689 3655 ἣν
713 3575 804 3657 ἔχεις.
851 3577 908 3638 Sed
932 3588 1034 3639 utrum
1057 3577 1147 3658 legas,
1170 3578 1310 3656 trigidum
1334 3587 1380 3638 est
1403 3579 1456 3638 ad·

278 3678 485 3757 ditamentum3
509 3686 612 3736 contra
636 3676 667 3735 in
689 3693 779 3734 uersu
799 3674 919 3754 uulgato
939 3665 1113 3754 ὀφθαλμία
1132 3693 1192 3735 non
1212 3672 1454 3755 tantumdem,

279 3777 330 3836 sed
360 3783 487 3836 uenuste
515 3782 544 3834 et
569 3763 831 3852 ὑποκοριστικῶς
858 3791 912 3852 pro
942 3775 1083 3834 caecitate
1107 3775 1235 3850 positum
1265 3782 1323 3853 est3
1358 3791 1454 3852 quare

279 3873 397 3934 ditncile
423 3871 494 3932 mihi
517 3871 637 3931 uidetur
659 3869 784 3952 creditu,
808 3873 834 3931 si
852 3879 938 3950 poeta
958 3873 1041 3948 prius
1061 3859 1253 3950 ὀφθαλμίας
1273 3872 1455 3954 scripsisset,

279 3990 347 4033 eum
370 3978 472 4052 postea
496 3968 552 4029 hoc
576 3970 606 4028 in
630 3968 789 4029 lectionem
812 3971 1000 4029 inuenustam
1024 3975 1056 4028 et
1078 3968 1213 4046 frigidam
1237 3963 1388 4030 mutasse’

367 4069 396 4146 §-
419 4067 467 4130 11.
504 4066 557 4128 llis
585 4068 727 4146 expositis
755 4069 902 4128 nemiuem
930 4067 988 4124 iam
1017 4065 1190 4126 scholiastae
1220 4083 1327 4126 uersus
1351 4063 1455 4126 delen·

279 4169 392 4227 sionem
417 4164 586 4226 subiturum
610 4183 675 4225 esse
700 4163 803 4245 credo;
827 4172 857 4223 et
880 4164 1019 4242 qnoniam
1041 4163 1122 4223 hunc
1146 4162 1333 4224 scholiastam
1354 4161 1455 4222 hario-

278 4263 369 4324 latum
394 4280 459 4323 esse
483 4271 613 4342 apparet,
637 4261 708 4341 quid
733 4263 851 4324 tandem
875 4261 970 4322 dicam
994 4259 1030 4320 de
1054 4259 1176 4321 alterius
1200 4258 1454 4322 hallucinatione?

352 4471 377 4537 1)
396 4467 526 4538 Prolegg.
544 4467 574 4521 in
592 4467 735 4539 Aristoph.
755 4469 867 4524 Plutum
886 4487 914 4538 p.
933 4465 1075 4538 GDLXVI.
