3246 5250
648 426 863 489 ..97-

167 584 272 670 τροτιῇ
291 585 349 669 τῆς
367 589 404 669 p‘t
424 586 471 664 εἰς
484 588 521 668 ν,
541 579 650 668 ὥσπερ
669 577 734 648 άπὸ
752 585 814 649 τοῦ
833 586 955 668 δίδωμι
973 585 1110 650 totoue·
1129 584 1185 650 καὶ
1200 585 1337 652 ἐκτείνε-

167 703 220 746 ται
243 676 281 748 τὸ
305 689 320 747 ἓ
345 685 392 760 εἰς
414 687 435 767 ἡ
457 678 618 764 Ἀττικῶς,
643 675 687 759 ὡς
710 686 775 746 κτλ.

257 779 306 844 ‘at
333 803 370 846 ex
398 785 506 847 Suidae
531 785 596 845 loco
624 785 747 845 sormam
776 801 851 862 quae
880 791 927 844 cst
950 769 1001 868 ἦν,
1030 805 1089 848 non
1113 805 1128 846 a
1153 785 1248 848 uerbo
1272 786 1341 848 sub·

168 884 312 963 stantiuo,
339 883 391 944 scd
420 883 457 944 ab
486 875 547 963 ἠμί
576 882 768 943 deriuandam
796 899 863 941 esse
890 880 1032 962 apparet?
1080 885 1137 946 Sed
1166 888 1341 966 priusquam

168 978 276 1040 talibus
300 981 400 1042 uerbis
425 981 584 1042 Kocirianis
608 979 695 1040 iidem
719 979 889 1061 babeamuS,
912 982 976 1060 ipsa
1000 983 1108 1044 Suidae
1132 983 1224 1044 uerba
1243 983 1341 1063 qualia

168 1077 240 1160 sint,
271 1077 436 1140 uideamus.
485 1079 587 1139 Lectio
621 1075 739 1155 uulgata
767 1095 875 1157 eaque,
908 1096 996 1156 qrram
1029 1084 1119 1142 etiam
1147 1079 1278 1142 Koclrius
1310 1084 1341 1141 in

168 1172 304 1235 lemmate
339 1178 476 1260 retinuit,
510 1176 582 1236 haec
611 1186 669 1235 est:
702 1160 745 1254 ἦν
773 1165 805 1233 δ’
841 1167 919 1252 dum:
952 1174 1038 1256 ἔφην
1072 1171 1109 1238 δὲ
1142 1169 1220 1256 ἐγώ·
1251 1172 1341 1261 παρὰ

168 1265 374 1358 Πλουτάρχῳ
405 1267 461 1334 καλ
486 1263 727 1356 Ἀριστοφάνει.
777 1271 851 1332 Cum
881 1283 980 1334 autem
1010 1275 1104 1335 codex
1131 1273 1154 1330 V
1183 1267 1343 1338 Πλούτου

168 1367 307 1448 praebeat
326 1381 356 1432 et
375 1372 468 1432 codex
487 1370 581 1434 Oxon.
601 1368 678 1448 apud
697 1368 865 1430 liobracnm
879 1370 1011 1433 Addend.
1030 1373 1118 1434 Arist.
1138 1370 1180 1434 97
1198 1363 1342 1454 Ἀριστο-

170 1459 282 1545 φάνης
304 1465 437 1553 πλούτῳ
463 1471 606 1549 scriptnm
631 1465 778 1548 exhibeat,
801 1466 931 1528 Kockius
954 1469 1113 1532 lectionem
1133 1472 1283 1551 uolgatam
1307 1473 1342 1534 ad

171 1565 281 1626 codicis
301 1565 478 1629 Oxoniensis
502 1567 660 1627 lectionem
683 1564 961 1626 accommodandam
986 1585 1053 1627 ease
1077 1579 1187 1631 censet.

259 1662 317 1724 Sed
342 1667 478 1726 audiatur
502 1663 645 1724 etaltera
669 1657 752 1740 pars!
782 1660 992 1743 Bernhardyus
1011 1668 1099 1749 errim,
1124 1665 1232 1727 Suidae
1257 1668 1343 1728 lexici

171 1761 361 1823 doctissimus
384 1764 490 1846 editor,
517 1765 548 1823 in
572 1761 762 1822 adnotatione
793 1758 829 1818 ad
853 1778 922 1821 eum
946 1780 1035 1840 quem
1059 1770 1221 1826 tractamus
1244 1765 1341 1826 locum

168 1868 235 1937 post
269 1858 291 1918 F
294 1862 466 1922 ritzschium
500 1869 613 1940 quaest
646 1858 694 1917 dr.
726 1876 754 1935 p.
777 1855 843 1919 264
870 1877 935 1937 sqq.
967 1861 1191 1922 euidentissime
1224 1882 1342 1924 omnem

169 1955 372 2019 difficultatem
391 1960 511 2038 amnuit,
534 1961 572 2018 ita
592 1967 625 2018 ut
644 1974 751 2035 operae
770 1958 902 2034 pretium
921 1975 986 2017 esse
1006 1961 1183 2042 existimem,
1203 1963 1229 2020 si
1247 1963 1341 2040 ipsius

171 2051 263 2113 uerba
287 2054 345 2115 hnc
368 2056 565 2134 adscripsero.
611 2053 689 2113 Sunt
710 2053 796 2113 baec:
831 2049 1062 2139 εΠλουτάρχῳε
1091 2050 1250 2118 Πλάτωνι
1276 2078 1340 2119 cor·

169 2152 325 2229 rigendum
354 2161 456 2212 monet
477 2150 674 2212 Ruhnkenius
697 2150 775 2230 apud
798 2150 1004 2230 Wytteubach.
1029 2154 1162 2234 Proiegg.
1191 2155 1340 2218 Plutarch.

168 2267 196 2328 p.
224 2247 507 2310 xxxvu=nxli
564 2247 685 2309 Suidam
722 2258 877 2328 praeterea
909 2269 961 2311 sna
999 2253 1133 2313 hausisse
1172 2273 1207 2312 ex
1242 2254 1339 2316 Schol.

168 2347 316 2426 Aristopb.
340 2367 386 2428 eq.
405 2345 469 2409 631
491 2342 593 2429 (634).
635 2346 674 2406 Et
696 2337 854 2408 Πλάτωνι
874 2367 945 2408 sane
963 2347 1053 2410 habet
1071 2349 1208 2412 Zonaras.
1216 2346 1241 2434 ¹)
1281 2351 1340 2413 Pro

165 2435 433 2526 ἈριστοφάνειΕ
449 2443 572 2524 praebet
586 2435 754 2505 Πλάτωνι.
787 2443 876 2504 Gaisi.
895 2441 1053 2506 Hindanu
1063 2445 1094 2507 V.
1116 2445 1226 2508 Verum
1240 2444 1339 2528 εἔφην

170 2535 206 2602 δὲ
226 2535 299 2622 ἐγώ.
317 2535 558 2623 Ἀριστοφάνης
576 2534 721 2628 τιλούτφ’
740 2540 792 2602 Ox.
812 2560 856 2621 ap.
880 2541 967 2604 bobr.
987 2543 1119 2605 Addend.
1138 2547 1169 2605 in
1188 2547 1338 2624 Aristoph.

169 2657 197 2718 p.
216 2636 268 2721 97,
292 2644 343 2719 qui
367 2642 437 2702 huic
457 2641 601 2702 formulae
620 2643 739 2717 negauit
759 2638 850 2700 ulium
869 2641 901 2698 in
919 2639 1006 2700 Pluto
1025 2649 1126 2701 nostra
1146 2641 1243 2703 locum
1263 2661 1339 2703 esse.

168 2734 260 2797 Recte
285 2739 419 2820 quidem,
443 2757 498 2798 nec
521 2738 606 2799 facile
630 2736 794 2798 credideris
813 2739 971 2819 exstitisse,
995 2741 1047 2816 qui
1068 2743 1240 2800 memoriam
1259 2740 1340 2802 Piuti

168 2851 184 2893 a
205 2833 313 2896 Suidae
337 2838 451 2898 scilicet
469 2847 591 2916 stupore
611 2843 769 2917 repeteret,
786 2835 950 2914 proiectam
969 2834 1047 2895 illam
1067 2835 1103 2896 ab
1123 2855 1151 2896 u.
1171 2834 1213 2897 29
1232 2835 1339 2911 κακῶς

167 2929 328 3010 ἔπραττον
351 2929 407 2996 ιιαλ
424 2930 526 3014 πένης
544 2920 595 3014 ἦν.
637 2933 740 3012 itaque
764 2933 917 2992 commode
937 2932 1052 3015 accidit,
1076 2942 1110 2994 nt
1128 2937 1338 3012 grammaticus

166 3031 196 3089 in
220 3030 315 3096 Cram.
334 3033 445 3093 Anced.
464 3032 500 3092 iV
518 3052 547 3113 p.
566 3030 629 3093 417
655 3031 691 3092 dc
711 3015 844 3110 formae}
868 3031 1020 3091 disserens
1038 3033 1117 3091 uiam
1137 3036 1338 3112 corruptionis

167 3137 363 3192 monstraret:
391 3121 436 3203 ὡς
464 3121 552 3212 παρὰ
578 3121 821 3209 Ἀριστοφάνει,
848 3130 955 3210 inquit,
982 3123 1020 3189 ἐν
1035 3120 1202 3207 Ὄρνισιν·
1229 3115 1251 3210 ἦ
1274 3123 1338 3212 γὰρ

167 3215 230 3303 ἐγὼ
254 3219 349 3299 ξένος
371 3219 564 3309 ἄνθρωπος·
591 3218 667 3287 άντλ
690 3223 751 3288 τοῦ
775 3217 939 3306 ὑπῆρχον·
962 3218 1019 3286 καλ
1041 3218 1130 3307 παρά
1158 3219 1339 3288 Πλούτωνι

165 3311 186 3400 ἡ
205 3320 268 3402 xpi
270 3337 330 3396 σις.
372 3325 474 3405 itaque
497 3324 701 3404 retingendum
724 3315 815 3403 παρὰ
834 3316 994 3385 Πλάτωνι
1018 3317 1071 3384 καλ
1093 3315 1340 3405 Ἀριστοφάνειε

166 3422 325 3484 οἰιίιλοιῑο
348 3435 488 3508 praestat,
512 3424 590 3504 qnod
614 3423 684 3484 oiim
708 3441 744 3484 ex
769 3423 906 3498 uestigiis
929 3420 999 3481 libri
1022 3420 1075 3482 0x.
1100 3424 1131 3482 in
1150 3421 1339 3484 Eratosthen.

165 3536 193 3594 p.
217 3516 282 3582 218
307 3521 476 3606 eiicucram,
496 3512 738 3601 Ἀριστοφάνης
760 3513 816 3580 καὶ
835 3511 991 3600 Πλάτων,
1014 3517 1080 3578 coll.
1104 3521 1198 3597 intpp.
1217 3520 1340 3598 Gregor.

166 3614 232 3677 Cor.
246 3637 275 3697 p.
294 3617 355 3680 144
370 3638 414 3698 sq.
451 3619 521 3680 Vtut
540 3629 594 3701 est,
613 3617 718 3679 eadem
736 3619 891 3677 nominum
907 3613 1061 3690 Πλοῦτος
1075 3623 1106 3675 et
1124 3609 1342 3694 Πλούταρχος

166 3715 272 3777 accidit
294 3721 473 3797 permutatio
498 3719 528 3778 iu
553 3736 604 3781 uu.
630 3707 864 3782 ἀνανεοῦσθαι
888 3723 919 3776 ct
941 3706 1093 3794 θράνος.’

253 3813 306 3874 His
329 3814 512 3896 bernbardyi
542 3817 645 3878 uerbis
673 3834 801 3900 prorsus
830 3833 877 3875 mc
901 3813 1016 3894 addico,
1044 3825 1142 3890 neque
1167 3823 1346 3887 quemquam

163 3910 252 3972 alium
276 3913 373 3972 iacere
392 3932 479 3992 posse
503 3914 644 3996 arbitror,
673 3931 708 3982 ut
735 3916 780 3974 eis
808 3913 896 3973 iidem
920 3912 1057 3989 deneget
1104 3906 1186 3976 Quae
1215 3919 1282 3964 cum
1307 3904 1347 3963 ita

163 4011 232 4090 aiut,
251 4029 287 4069 ne
306 4009 362 4070 boc
380 4011 500 4090 quidem
520 4015 726 4092 fragmentum
746 4011 780 4071 ad
795 4009 917 4072 Plutum
931 4010 1075 4089 priorem,
1095 4002 1148 4064 sed
1163 4001 1198 4062 ad
1214 3999 1348 4082 eandem,

163 4122 237 4184 quae
260 4115 410 4184 superstes
433 4118 489 4191 est,
513 4107 641 4170 inbutam
666 4109 868 4190 posteriorem
892 4106 1087 4170 referendum
1112 4109 1167 4161 est.

249 4201 277 4278 θ.
310 4199 356 4264 14.
405 4205 472 4266 Non
504 4209 599 4286 magis
632 4207 669 4267 ad
703 4208 850 4268 rationem
886 4213 1020 4266 nostram
1055 4200 1092 4262 de
1126 4195 1214 4258 Pluto
1246 4197 1346 4276 priore

231 4429 257 4494 l)
276 4425 398 4482 Zonme
422 4427 500 4484 locun
524 4435 580 4485 eat:
605 4423 641 4500 ἦν
661 4427 689 4486 d'
710 4427 778 4502 λγά·
804 4427 881 4498 ἔφη*
900 4421 930 4483 δ’
952 4421 1020 4496 luni·
1040 4419 1121 4494 παρὰ
1142 4423 1277 4479 Πλάτωνι
1295 4423 1344 4476 atui

158 4501 352 4576 Ἀριστοφάνει.

210 4604 389 4646 utrumnum·
402 4607 518 4650 loreum.
540 4609 582 4650 lv.
1117 4597 1132 4646 7
