3246 5250
771 374 993 440 ..78-

295 555 351 614 que
373 539 502 614 priorem
523 536 640 595 Plutum
657 535 755 612 legere
777 535 832 595 sibi
851 538 908 594 nisi
928 543 1036 615 essent,
1056 535 1222 614 explicandi
1241 554 1324 616 spem
1349 533 1472 596 abicere

294 641 324 692 et
344 635 428 711 quasi
443 632 618 692 miraculum
639 641 770 692 statuere
790 631 944 713 uellemus,
964 632 1138 693 scholiastae
1161 634 1380 694 adnotationem
1402 652 1474 718 non,

294 740 329 790 ut
350 729 543 808 Bambergius
567 729 671 810 noluit,
694 730 729 789 ad
754 729 885 809 alteram,
910 730 961 789 sed
986 731 1020 790 ad
1044 733 1178 810 priorem
1196 732 1316 792 Plutum
1336 733 1473 792 releren-

260 853 268 868 ·
294 828 360 886 dam
389 846 454 888 esse
478 830 508 886 in
532 828 596 888 dies
620 829 712 904 magis
740 829 891 906 magisque
921 827 1060 888 intellexi.
1102 828 1162 888 lam
1191 837 1290 890 autem
1320 829 1473 909 quomodo

294 923 350 984 boc
374 925 518 985 scholium
542 924 747 1004 explicandum
772 927 820 1005 sit,
844 942 996 1002 exponam.

385 1023 481 1101 Atque
505 1042 569 1083 mea
594 1023 713 1101 quidem
737 1025 884 1082 sententia
908 1025 999 1083 totius
1017 1025 1062 1083 rei
1084 1025 1172 1085 cardo
1191 1027 1223 1084 in
1242 1043 1276 1084 ea
1295 1027 1472 1102 quaestione

295 1123 437 1200 uertitur,
469 1139 625 1199 quemnam
655 1139 708 1199 per
738 1138 842 1181 uocem
866 1118 988 1181 codron
1012 1123 1171 1200 significari
1195 1131 1343 1201 putemuS,
1366 1129 1472 1181 utrum

295 1217 522 1296 Aristophanem
542 1239 578 1278 an
598 1218 803 1298 Ghremylum,
815 1220 865 1296 qui
884 1218 964 1278 herne
979 1238 1100 1279 uersum
1116 1223 1297 1299 pronuntiat.
1328 1219 1472 1297 Chremy-

294 1314 355 1379 ium
384 1318 409 1374 si
433 1335 487 1394 per
517 1335 680 1395 pronomen
704 1314 826 1377 τοῦτον
850 1318 1009 1394 significari
1033 1320 1204 1398 statuimus,
1233 1327 1295 1378 tum
1319 1318 1386 1376 fieri
1409 1335 1472 1376 non

296 1419 403 1491 potest,
428 1415 500 1491 quin
523 1417 554 1473 in
574 1413 675 1474 uerbis
699 1412 892 1491 sequentibus
912 1433 987 1493 quae
1008 1424 1092 1476 sunt:
1116 1416 1273 1495 πεποίηκε
1297 1408 1333 1475 dt
1356 1409 1413 1474 καὶ
1432 1411 1472 1475 ἐν

291 1499 603 1588 Ἐκκλησιαζούσαις
629 1503 711 1572 αὐτό
739 1511 770 1570 id
794 1514 995 1593 contineatur,
1024 1514 1101 1593 quod
1126 1516 1162 1593 ei,
1191 1516 1241 1592 qui
1269 1531 1324 1592 per
1346 1509 1472 1573 τοῦτον

298 1608 495 1688 significatur,
518 1619 694 1688 opponatur.
743 1608 896 1669 Sententia
919 1613 1010 1688 igitur
1033 1611 1106 1670 haec
1129 1611 1192 1671 lere
1214 1613 1313 1670 inesse
1339 1611 1473 1688 putanda

294 1713 353 1764 est:
391 1705 567 1785 Lycophron
598 1707 687 1787 herne,
717 1709 735 1766 i.
760 1725 784 1767 e.
809 1706 997 1786 Chremylum
1026 1711 1154 1787 primum
1186 1710 1279 1769 lacem
1302 1708 1472 1787 postulasse

296 1803 505 1887 arbitrabatur,
530 1805 607 1884 quod
628 1805 707 1865 idem
730 1805 793 1865 fere
813 1804 893 1865 ualet
911 1813 1013 1883 atque:
1036 1805 1212 1886 Lycophrou
1236 1809 1265 1866 in
1283 1805 1337 1865 bac
1356 1808 1473 1867 Aristo-

295 1900 401 1979 phanis
424 1902 504 1963 Pluti
529 1902 625 1962 labula
648 1905 778 1980 primum
797 1904 891 1962 facem
906 1903 1084 1980 postulatam
1108 1923 1173 1965 esse
1193 1902 1404 1984 arbitrabatur;
1430 1914 1473 1985 at,

294 2000 391 2077 inquit
420 1999 646 2080 Eratosthenes,
669 2002 727 2078 iam
757 1993 846 2082 (καί)
879 2002 909 2058 in
937 1999 1150 2062 Ecclesiazusis
1181 2002 1236 2062 hoo
1269 2000 1379 2061 lacteum
1413 2012 1472 2064 est.

294 2095 374 2156 Haec
398 2101 544 2160 sententia
569 2116 672 2175 perse
697 2116 767 2158 sane
791 2101 888 2158 inesse
913 2106 1014 2175 posset
1033 2085 1130 2177 neque
1154 2099 1303 2181 haberem,
1326 2118 1381 2160 cur
1403 2121 1472 2161 eam

294 2196 505 2276 uituperarem,
520 2198 577 2255 nisi
592 2203 690 2255 tamen
704 2214 829 2274 prorsus
844 2196 992 2256 reicienda
1008 2195 1079 2255 mihi
1095 2197 1249 2257 uideretur
1264 2216 1329 2258 esse
1344 2209 1473 2278 propter

294 2290 385 2351 uerba
410 2294 563 2370 sequentia
588 2310 663 2370 quae
688 2298 770 2351 sunt:
798 2283 884 2352 dard
907 2285 972 2372 γὰρ
996 2285 1157 2374 Στράττις
1180 2287 1244 2376 πρὸ
1268 2285 1472 2376 ἀμφοτέρων

293 2381 423 2449 τούτων
450 2390 531 2471 aab,
559 2407 634 2468 quae
663 2389 752 2449 latine
779 2391 819 2449 ita
848 2390 910 2450 lere
938 2391 1160 2468 interpretanda
1188 2401 1290 2453 erunt:
1319 2388 1361 2452 ‘at
1388 2397 1470 2454 enim

295 2486 414 2547 Strattis
442 2496 510 2548 aute
538 2488 613 2547 hanc
645 2494 801 2565 utramque
830 2487 957 2548 fabulam
985 2486 1133 2549 Potamios
1165 2490 1275 2550 docens
1299 2490 1471 2570 Philyllinm

294 2584 369 2644 hanc
393 2603 456 2645 rem
480 2587 609 2663 primum
633 2587 798 2645 instituisse
822 2581 943 2645 narrat?
986 2585 1018 2646 st
1040 2587 1245 2648 antecedentia
1269 2587 1362 2648 uerba
1377 2607 1471 2667 supra

294 2691 375 2743 recte
395 2702 533 2762 expressa
554 2690 633 2763 sunt,
653 2701 733 2742 nunc
752 2685 849 2742 lacere
869 2703 928 2744 non
942 2702 1074 2765 possum,
1090 2688 1161 2764 quin
1176 2685 1321 2745 offendam
1336 2687 1472 2763 primum

293 2783 324 2840 in
352 2781 505 2859 particulis
534 2800 608 2861 quae
633 2789 716 2842 sunt:
744 2771 827 2841 ἀλλὰ
850 2774 927 2862 γάρ,
956 2782 1062 2843 deinde
1092 2787 1123 2843 in
1147 2783 1248 2844 uerbis
1270 2776 1335 2863 πρὸ
1358 2773 1472 2863 ἄμφο-

293 2873 399 2957 τέρων
423 2871 562 2940 τούτων.
610 2878 667 2938 Pro
691 2879 845 2957 particulis
868 2883 947 2940 enim
972 2871 1055 2942 ἀλλὰ
1077 2874 1154 2962 γάρ,
1186 2900 1261 2960 quae
1285 2883 1406 2960 proprie
1431 2883 1470 2942 ad

294 2977 527 3038 confutationem
550 2980 581 3038 in
610 2978 775 3036 orationem
797 2978 984 3038 inserendam
1010 2988 1206 3059 usurpantur,
1230 2979 1470 3041 desideraremus

295 3066 380 3135 dard
404 3075 453 3135 uel
473 3071 519 3155 δέ,
543 3093 611 3136 cum
631 3093 673 3153 ea,
698 3074 807 3153 quibus
826 3075 1029 3154 Lycophronis
1049 3079 1195 3137 sententia
1216 3076 1376 3137 refellenda
1395 3087 1471 3160 erat,

296 3173 389 3233 uerba
413 3168 584 3254 (πεποίηκε
608 3165 748 3254 ὃὲκτλ.)
776 3175 833 3233 iarn
858 3183 942 3234 antea
970 3176 1066 3252 posita
1090 3185 1190 3235 essent
1214 3193 1309 3253 neque
1333 3178 1390 3235 iam
1415 3180 1471 3258 eis,

294 3289 369 3348 quae
390 3278 566 3350 sequuntur,
591 3269 669 3331 aliud
689 3271 859 3331 efficeretur
879 3290 967 3350 quam
986 3272 1040 3332 alia
1060 3273 1207 3332 sententia
1227 3273 1391 3334 afferretur.
1433 3273 1469 3334 ln

293 3371 336 3428 eis
365 3378 465 3429 autem
492 3368 594 3429 uerbis
623 3379 806 3449 quaesunt:
833 3362 897 3450 πρὸ
927 3361 1125 3450 ἀμφοτέρων
1152 3361 1281 3430 τούτων
1307 3378 1469 3450 propterea

293 3467 488 3548 offenderem,
517 3469 585 3546 qnia
613 3467 827 3528 Eratosthenes
855 3466 1080 3546 Lycophronem
1108 3486 1162 3546 per
1189 3466 1281 3527 uerba
1310 3468 1468 3549 πεποίηκε

294 3557 331 3623 dl
353 3566 420 3626 κτλ.
449 3567 634 3626 refutaturus
663 3564 764 3625 uerbis
796 3565 991 3644 sequentibus
1021 3565 1077 3626 sibi
1106 3567 1164 3644 ipsi
1191 3565 1410 3627 contradiceret
1438 3577 1470 3628 et

294 3680 369 3740 quae
398 3662 484 3722 modo
514 3663 640 3744 dixerat,
669 3663 826 3724 refelleret.
878 3663 909 3722 Si
937 3666 1028 3741 igitur
1060 3662 1216 3723 scholiasta
1247 3663 1469 3724 adnotationem

294 3776 378 3818 suam
405 3760 434 3817 in
464 3759 540 3820 hanc
564 3759 626 3819 iere
650 3761 774 3820 formam
798 3760 970 3840 redegisset,
994 3767 1028 3820 ut
1052 3760 1211 3822 scriberet:
1239 3756 1426 3840 ‘Lycophron
1451 3782 1468 3823 a

295 3854 460 3935 Cbremylo,
480 3857 498 3915 i.
519 3875 543 3915 e.
563 3859 593 3916 in
612 3856 699 3917 Pluto
717 3856 814 3918 labula
833 3859 963 3937 primum
983 3859 1076 3918 lacem
1092 3858 1235 3936 postulari
1254 3858 1469 3942 arbitrabatur;

293 3953 345 4013 sed
373 3953 429 4013 boc
458 3952 564 4014 falsum
593 3964 638 4016 est
663 3946 789 4038 (ἀλιπὴς
818 3974 885 4016 nam
915 3947 1007 4037 (γάρ)
1035 3957 1065 4015 in
1093 3955 1305 4016 Ecclesiazusis
1336 3960 1467 4036 primum

292 4053 349 4112 hoo
377 4053 488 4112 factum
512 4060 566 4112 est.
608 4052 792 4132 Quamquam
821 4058 882 4115 scio
905 4072 971 4113 esse
998 4043 1096 4134 (ἄλλά
1120 4054 1168 4114 uel
1192 4050 1254 4137 dt),
1277 4058 1328 4135 qui
1352 4075 1412 4117 non
1435 4059 1467 4117 in

293 4149 505 4211 Ecclesiazusis
534 4149 569 4209 ab
597 4150 805 4233 Aristophane,
835 4151 887 4213 sed
915 4169 930 4210 a
954 4150 1088 4230 Philyllio
1116 4149 1173 4210 boc
1202 4155 1330 4229 primum
1355 4155 1467 4215 lactum

293 4267 359 4310 esse
375 4256 525 4328 censeant,
549 4267 678 4327 quorum
696 4251 725 4309 in
741 4269 865 4310 numero
881 4257 927 4309 est
945 4251 1033 4310 etiam
1050 4247 1179 4330 Strattis,
1198 4251 1250 4310 sed
1265 4253 1309 4311 eis
1327 4253 1467 4312 assentiri

294 4364 353 4407 uon
376 4342 524 4425 possum':
548 4349 574 4406 si
596 4347 653 4408 hoo
677 4348 740 4408 fere
765 4348 850 4408 modo
875 4347 1050 4411 scholiastae
1073 4346 1165 4408 uerba
1189 4355 1332 4426 concepta
1356 4357 1467 4431 essent,

293 4453 356 4506 tum
381 4463 451 4505 sane
475 4445 539 4505 deri
565 4465 622 4505 uon
642 4453 753 4528 posset,
777 4448 849 4526 quin
871 4444 1099 4506 Eratosthenem
1118 4445 1239 4506 alteram
1263 4444 1343 4506 Pluti
1362 4465 1466 4508 recen·
