3246 5250
622 367 844 488 ..55-

148 581 226 658 anni,
255 597 331 658 quos
354 597 449 658 usqne
473 580 509 640 ad
531 579 662 642 Dioclem
687 580 859 642 archontem
882 584 1071 660 praeteriisse
1096 581 1252 642 scholiasta
1275 599 1319 640 ra·

148 678 227 737 tione
256 678 327 738 inita
354 679 478 738 inuenit
525 677 634 739 Dioclis
661 681 752 758 igitur
775 697 851 738 anuo
878 679 950 739 nibil
974 680 1134 758 significari
1157 679 1319 758 putandum

147 783 194 836 est
207 775 265 835 nisi
279 792 338 853 qno
353 782 487 854 tempore
502 794 537 836 er
553 775 642 836 huius
660 776 833 838 scholiastae
853 779 999 838 sententia
1018 776 1124 839 Plutus
1143 778 1175 838 in
1201 795 1321 838 scenam

148 874 304 934 commissa
329 874 377 952 sit,
400 872 429 932 id
454 874 534 952 quod
558 877 667 953 optime
692 877 830 953 congruit
853 893 922 936 cnm
944 893 980 936 eo
1004 893 1091 956 auno,
1115 893 1205 954 quem
1231 893 1321 955 supra

147 971 367 1050 computatione
391 970 629 1034 deliniueramus

235 1067 348 1128 Eodem
371 1087 448 1128 anno
471 1068 590 1130 Plutum
610 1073 740 1148 priorem
760 1071 876 1131 doctam
898 1089 964 1131 esse
983 1073 1071 1132 etiam
1091 1072 1321 1152 inuenissemus,

146 1169 171 1226 si
199 1166 386 1227 scholiastam
412 1185 440 1228 u.
463 1163 530 1227 972
553 1168 661 1228 ducem
684 1170 778 1228 secuti
808 1187 950 1230 essemus.
996 1169 1025 1228 Is
1051 1171 1130 1230 enlm
1155 1169 1321 1230 secundnm

146 1263 355 1324 Philochorum
380 1272 534 1324 senatores
557 1260 595 1326 ἐν
622 1262 668 1350 τῷ
697 1256 762 1342 πρὸ
784 1259 908 1328 τούτου
940 1259 1018 1348 (scil.
1047 1259 1230 1349 δράματος)
1257 1265 1321 1328 ἔτει

145 1353 227 1423 κατὰ
254 1353 389 1442 γράμμα
420 1362 525 1422 sedere
553 1365 688 1443 coepisse
717 1370 930 1424 commemorat
956 1363 1115 1442 paulloque
1142 1375 1212 1444 post
1241 1364 1321 1426 huuc

145 1478 255 1522 annum
283 1462 452 1520 accuratius
480 1461 584 1522 definit
607 1461 761 1541 Glaucippi
789 1461 941 1521 archontis
969 1463 1088 1521 nomine
1111 1461 1208 1544 allato,
1231 1480 1320 1541 quem

146 1557 182 1618 ol.
205 1555 257 1638 02,
286 1555 460 1638 3=410J9
489 1559 662 1619 archontem
693 1559 784 1618 luisse
814 1558 975 1618 eDiodori
993 1557 1060 1618 XIII
1083 1555 1127 1619 43
1151 1560 1319 1626 edocemur.

145 1654 198 1714 Est
226 1657 317 1734 igitur
349 1675 454 1716 reuera
487 1656 669 1736 Glaucippus
698 1659 737 1738 is,
767 1657 820 1734 qui
849 1663 917 1718 ante
951 1655 1082 1716 Dioclem
1114 1659 1320 1734 magistratum

144 1770 323 1832 eponymum
346 1753 484 1815 obtinuit.

232 1851 262 1928 ξ.
286 1849 317 1912 2.
358 1851 526 1912 Constituto
554 1869 635 1912 nunc
663 1851 821 1930 utriusque
849 1849 930 1910 Pluti
961 1853 1146 1912 recensionis
1169 1872 1246 1914 auno
1269 1856 1319 1932 ita,

145 1957 178 2010 nt
204 1951 335 2029 priorem
363 1968 440 2010 anno
463 1945 575 2031 409s8,
602 1949 799 2028 posteriorem
822 1967 899 2008 anuo
923 1944 1074 2029 389s8n1
1098 1967 1216 2010 scenam
1240 1969 1319 2010 com-

145 2047 265 2106 missam
284 2063 350 2106 esse
369 2047 533 2126 putandum
552 2049 602 2128 sit,
624 2047 682 2105 iam
701 2046 871 2106 accedimus
889 2046 925 2105 ad
949 2048 1155 2125 quaestionem
1177 2050 1318 2126 grauissi-

144 2161 221 2203 mam
249 2144 345 2222 deque
369 2162 426 2223 qua
450 2145 529 2204 inter
554 2145 636 2203 uiros
658 2143 763 2204 doctos
786 2161 891 2222 magna
915 2154 961 2204 est
984 2145 1143 2207 dissensio:
1173 2165 1318 2224 quaereu-

144 2240 214 2300 dum
234 2243 313 2302 enim
337 2261 417 2302 nunc
436 2251 491 2324 est,
514 2251 612 2302 utram
636 2243 829 2320 superstitem
848 2241 947 2319 legere
967 2242 1023 2302 sihi
1042 2244 1101 2302 uisi
1119 2245 1180 2304 sint
1197 2252 1317 2305 ueteres

143 2339 322 2418 iuterpretcs
345 2339 425 2400 Pluti
447 2341 618 2400 editionem.

231 2438 328 2516 Atque
348 2439 374 2496 si
392 2455 466 2516 eam,
485 2455 561 2516 quae
583 2435 698 2496 tabulae
718 2437 848 2514 praelixa
867 2443 921 2516 est,
946 2437 1135 2498 didascaliam
1154 2441 1317 2521 sequimur,

143 2535 339 2613 posteriorem
363 2553 395 2594 se
416 2542 542 2595 tractare
562 2533 684 2596 Plutum
706 2533 938 2595 arbitrabantur.
979 2535 1012 2595 In
1036 2545 1211 2614 argumento
1235 2540 1316 2598 enlm

142 2641 248 2710 quarto
272 2635 316 2693 sic
335 2635 478 2712 scriptum
500 2633 639 2712 legimus:
662 2624 826 2712 ἐδιδάχθη
846 2625 899 2694 ἐπὶ
917 2623 1080 2712 ἄρχοντος
1090 2623 1316 2717 Ἀντιπάτρου,

142 2720 455 2810 ἀνταγωνιζομένου
473 2721 563 2815 αὐτῷ
587 2722 804 2811 Νικαχιίρους
821 2730 888 2790 κτλ.
906 2728 1098 2790 τελευταίαν
1121 2724 1159 2792 db
1178 2725 1315 2808 διδάξας

140 2819 202 2906 τὴν
225 2826 407 2912 κωμῳδίαν
429 2823 555 2909 ταύτην
578 2822 629 2890 ἐπὶ
653 2825 698 2914 τῷ
723 2825 800 2912 ἰδίῳ
825 2819 963 2907 ὀνόματι
986 2828 1054 2890 κτλ.
1095 2828 1170 2889 Huic
1194 2831 1315 2908 quidem

142 2928 305 2987 sententiae
334 2945 394 2987 non
424 2935 591 3008 repugnant
621 2925 670 2986 alii
694 2926 863 3006 complures
887 2925 1071 3005 scholiastae,
1095 2930 1200 3004 quiin
1224 2928 1314 2988 rebus

142 3042 176 3084 er
196 3027 373 3102 posterioris
396 3025 581 3105 temporibus
602 3023 684 3084 Plnti
705 3026 946 3084 commemoratIs
965 3043 1002 3083 ne
1020 3026 1175 3083 miuimum
1194 3025 1312 3103 quidem

140 3123 307 3202 otienduut,
331 3143 406 3202 quos
435 3142 504 3184 sane
533 3123 699 3182 offensuros
728 3123 821 3181 luisse
845 3122 1023 3200 putandum,
1054 3122 1080 3181 si
1102 3124 1233 3200 priorem
1256 3123 1312 3184 sibi

141 3219 259 3280 Plutum
281 3220 378 3298 legere
397 3222 454 3280 uisi
473 3229 583 3281 esseut.
620 3218 670 3278 sne
688 3222 719 3278 in
744 3218 857 3279 scholio
879 3219 915 3279 ad
934 3237 962 3278 u.
984 3216 1047 3279 173
1066 3222 1162 3298 primo
1181 3222 1311 3299 itemque

140 3320 169 3377 in
197 3320 330 3379 secundo
358 3318 393 3378 ad
422 3319 551 3380 eundem
579 3335 702 3379 uersum
729 3325 759 3377 et
781 3318 851 3377 inde
874 3335 890 3376 a
914 3325 1019 3395 quarto
1044 3335 1139 3395 usque
1163 3318 1198 3377 ad
1222 3320 1311 3379 tinem

139 3415 231 3476 uerba
255 3435 287 3475 ea
308 3425 485 3494 quaesunt:

315 3539 353 3608 τὸ
373 3540 405 3608 δ’
422 3545 459 3610 ἐν
471 3547 641 3636 ,Κορίνθῳ
661 3542 793 3624 ξενικὸν
812 3539 872 3628 οὐχ
890 3533 989 3618 οὗτος
1005 3541 1132 3628 τρέφει;

138 3700 178 3760 ita
198 3699 404 3780 explicantur,
436 3709 470 3760 ut
499 3699 623 3761 dubium
651 3719 711 3760 non
739 3698 891 3778 uideatur,
916 3701 988 3778 quin
1017 3703 1069 3778 qui
1098 3717 1132 3760 ea
1157 3702 1313 3778 scripserit

138 3805 188 3858 aut
211 3796 334 3857 alteram
359 3815 390 3857 se
414 3796 534 3859 Plutum
557 3798 657 3876 legere
680 3797 842 3858 arbitratus
861 3799 900 3856 sit
917 3806 969 3856 aut
987 3799 1098 3876 prioris
1118 3818 1155 3860 ne
1176 3800 1311 3860 notitiam

138 3894 257 3972 quidem
280 3893 432 3974 habuerit;
455 3897 498 3954 sic
522 3912 612 3974 porro
635 3895 667 3952 in
685 3892 806 3952 scholiis
829 3894 863 3954 ad
888 3913 938 3954 rru.
960 3892 1032 3976 174,
1055 3892 1218 3977 176,180,
1238 3892 1313 3976 290,

138 3987 211 4066 303,
234 3988 309 4071 314,
331 3987 397 4050 515
421 3991 457 4050 de
481 3990 633 4068 Pamphilo
651 3991 866 4071 Agyrrhioqne,
889 3990 925 4050 de
949 3991 1115 4072 Timotheo,
1139 3991 1314 4074 Philoxeno,

138 4087 290 4149 Phitouide
314 4089 411 4168 deque
435 4088 554 4149 Cereris
582 4093 700 4152 nomine
728 4108 764 4150 eo
793 4089 871 4167 quod
900 4097 946 4148 est
970 4081 1053 4170 Δηιό
1077 4090 1117 4150 ita
1141 4092 1256 4169 agItur,
1279 4099 1314 4152 ut

138 4187 165 4244 ei
192 4189 244 4265 qui
271 4187 392 4266 scrIpsit
427 4205 459 4246 se
492 4185 613 4248 alteram
646 4187 852 4265 AristophauIs
885 4185 1011 4258 tabulam
1046 4186 1183 4248 manibus
1211 4194 1313 4250 terere

137 4291 271 4361 apertum
301 4285 394 4344 luisse
422 4285 573 4364 uideatur,
601 4287 658 4344 nisi
686 4286 762 4346 torte
791 4301 843 4344 eos
870 4282 1019 4362 duplicem
1038 4282 1119 4344 Plnti
1148 4284 1314 4348 editionem

137 4383 256 4442 omuino
284 4385 438 4460 ignorasse
465 4391 598 4444 statuere
626 4385 729 4444 mauis.
775 4381 850 4442 Illud
874 4391 971 4442 tamen
995 4382 1069 4443 mihi
1093 4381 1221 4444 similius
1246 4386 1314 4445 ueri

138 4497 201 4540 esse
231 4479 399 4560 uideretur,
429 4483 569 4560 quoniam
597 4479 669 4540 haec
696 4478 807 4541 scholia
836 4479 990 4540 maximam
1016 4484 1133 4560 partem
1159 4495 1219 4538 non
1243 4480 1313 4540 talia

187 4590 392 4630 brumosum
394 4601 497 4633 aaaaaaaa
519 4591 559 4630 ιν.
1077 4580 1094 4630 s
