<?xml version="1.0" encoding="UTF-8"?>
<!DOCTYPE html PUBLIC "-//W3C//DTD XHTML 1.0 Transitional//EN"
    "http://www.w3.org/TR/xhtml1/DTD/xhtml1-transitional.dtd">
<html xmlns="http://www.w3.org/1999/xhtml" xml:lang="en" lang="en">
 <head>
  <title>
</title>
<meta http-equiv="Content-Type" content="text/html;charset=utf-8" />
  <meta name='ocr-system' content='tesseract 3.04.00' />
  <meta name='ocr-capabilities' content='ocr_page ocr_carea ocr_par ocr_line ocrx_word'/>
</head>
<body>
  <div class='ocr_page' id='page_1' title='image "./plutiaristophan00ludwgoog_0017.png"; bbox 0 0 3246 5250; ppageno 0'>
   <div class='ocr_carea' id='block_1_1' title="bbox 735 354 954 417">
    <p class='ocr_par' dir='ltr' id='par_1_1' title="bbox 735 354 954 417">
     <span class='ocr_line' id='line_1_1' title="bbox 735 354 954 417; baseline -0.009 -17"><span class='ocrx_word' id='word_1_1' title='bbox 735 354 954 417; x_wconf 71' lang='lat'><strong>„70-</strong></span> 
     </span>
    </p>
   </div>
   <div class='ocr_carea' id='block_1_2' title="bbox 213 514 1504 2058">
    <p class='ocr_par' dir='ltr' id='par_1_2' title="bbox 213 514 1504 2058">
     <span class='ocr_line' id='line_1_2' title="bbox 258 514 1430 595; baseline -0.004 -17"><span class='ocrx_word' id='word_1_2' title='bbox 258 517 368 578; x_wconf 91' lang='lat' dir='ltr'>nalium</span> <span class='ocrx_word' id='word_1_3' title='bbox 401 515 616 595; x_wconf 88' lang='lat' dir='ltr'>arehaeologici</span> <span class='ocrx_word' id='word_1_4' title='bbox 648 517 778 576; x_wconf 91' lang='lat' dir='ltr'>instituti</span> <span class='ocrx_word' id='word_1_5' title='bbox 811 514 1026 576; x_wconf 88' lang='lat' dir='ltr'>Germanorum</span> <span class='ocrx_word' id='word_1_6' title='bbox 1059 517 1247 578; x_wconf 79' lang='lat' dir='ltr'><strong>Atheniensis</strong></span> <span class='ocrx_word' id='word_1_7' title='bbox 1280 514 1430 576; x_wconf 91' lang='lat' dir='ltr'>uolumine</span> 
     </span>
     <span class='ocr_line' id='line_1_3' title="bbox 258 613 1430 694; baseline -0.003 -19"><span class='ocrx_word' id='word_1_8' title='bbox 258 617 355 675; x_wconf 87' lang='lat' dir='ltr'>tertio.</span> <span class='ocrx_word' id='word_1_9' title='bbox 393 614 456 674; x_wconf 86' lang='lat' dir='ltr'>Illic</span> <span class='ocrx_word' id='word_1_10' title='bbox 475 615 554 674; x_wconf 87' lang='lat' dir='ltr'>enim</span> <span class='ocrx_word' id='word_1_11' title='bbox 574 613 740 674; x_wconf 85' lang='lat' dir='ltr'>fabularum</span> <span class='ocrx_word' id='word_1_12' title='bbox 760 633 818 674; x_wconf 93' lang='lat' dir='ltr'>non</span> <span class='ocrx_word' id='word_1_13' title='bbox 837 625 941 693; x_wconf 90' lang='lat' dir='ltr'>poetas</span> <span class='ocrx_word' id='word_1_14' title='bbox 961 614 1065 694; x_wconf 86' lang='lat' dir='ltr'>solum,</span> <span class='ocrx_word' id='word_1_15' title='bbox 1089 615 1141 674; x_wconf 92' lang='lat' dir='ltr'>sed</span> <span class='ocrx_word' id='word_1_16' title='bbox 1161 616 1248 674; x_wconf 93' lang='lat' dir='ltr'>etiam</span> <span class='ocrx_word' id='word_1_17' title='bbox 1267 615 1430 692; x_wconf 91' lang='lat' dir='ltr'>primarum</span> 
     </span>
     <span class='ocr_line' id='line_1_4' title="bbox 258 701 1431 794; baseline -0.003 -21"><span class='ocrx_word' id='word_1_18' title='bbox 258 715 386 792; x_wconf 89' lang='lat' dir='ltr'>partium</span> <span class='ocrx_word' id='word_1_19' title='bbox 411 720 529 772; x_wconf 89' lang='lat' dir='ltr'>actores</span> <span class='ocrx_word' id='word_1_20' title='bbox 552 713 582 772; x_wconf 92' lang='lat' dir='ltr'>in</span> <span class='ocrx_word' id='word_1_21' title='bbox 607 713 649 770; x_wconf 93' lang='lat' dir='ltr'>eis</span> <span class='ocrx_word' id='word_1_22' title='bbox 674 711 768 772; x_wconf 92' lang='lat' dir='ltr'>titulis</span> <span class='ocrx_word' id='word_1_23' title='bbox 787 730 840 790; x_wconf 89' lang='lat' dir='ltr'>per</span> <span class='ocrx_word' id='word_1_24' title='bbox 860 711 1029 772; x_wconf 88' lang='lat' dir='ltr'>lormulam:</span> <span class='ocrx_word' id='word_1_25' title='bbox 1052 702 1278 794; x_wconf 81' lang='grc' dir='ltr'><strong><em>ὑπε(κοίνετο)</em></strong></span> <span class='ocrx_word' id='word_1_26' title='bbox 1298 701 1316 771; x_wconf 87' lang='grc' dir='ltr'>ὁ</span> <span class='ocrx_word' id='word_1_27' title='bbox 1338 707 1431 770; x_wconf 80' lang='grc' dir='ltr'><strong><em>δεῖνα</em></strong></span> 
     </span>
     <span class='ocr_line' id='line_1_5' title="bbox 259 805 1430 889; baseline -0.003 -19"><span class='ocrx_word' id='word_1_28' title='bbox 259 811 405 870; x_wconf 90' lang='lat' dir='ltr'>nominari</span> <span class='ocrx_word' id='word_1_29' title='bbox 420 809 523 869; x_wconf 88' lang='lat' dir='ltr'>solitos</span> <span class='ocrx_word' id='word_1_30' title='bbox 539 827 604 868; x_wconf 93' lang='lat' dir='ltr'>esse</span> <span class='ocrx_word' id='word_1_31' title='bbox 620 808 789 889; x_wconf 81' lang='lat' dir='ltr'>edocemur,</span> <span class='ocrx_word' id='word_1_32' title='bbox 810 809 917 887; x_wconf 89' lang='lat' dir='ltr'>quibus</span> <span class='ocrx_word' id='word_1_33' title='bbox 937 805 1185 871; x_wconf 75' lang='lat' dir='ltr'>‘didascaliarum’</span> <span class='ocrx_word' id='word_1_34' title='bbox 1207 809 1430 870; x_wconf 81' lang='lat' dir='ltr'>tundamentum</span> 
     </span>
     <span class='ocr_line' id='line_1_6' title="bbox 257 906 1432 986; baseline -0.002 -19"><span class='ocrx_word' id='word_1_35' title='bbox 257 914 345 985; x_wconf 93' lang='lat' dir='ltr'>atque</span> <span class='ocrx_word' id='word_1_36' title='bbox 372 906 438 967; x_wconf 86' lang='lat' dir='ltr'>lons</span> <span class='ocrx_word' id='word_1_37' title='bbox 462 908 640 966; x_wconf 74' lang='lat' dir='ltr'><strong>continetur.</strong></span> <span class='ocrx_word' id='word_1_38' title='bbox 688 906 830 966; x_wconf 91' lang='lat' dir='ltr'>Actorum</span> <span class='ocrx_word' id='word_1_39' title='bbox 848 917 948 968; x_wconf 92' lang='lat' dir='ltr'>autem</span> <span class='ocrx_word' id='word_1_40' title='bbox 971 909 1133 986; x_wconf 90' lang='lat' dir='ltr'>primarum</span> <span class='ocrx_word' id='word_1_41' title='bbox 1162 909 1291 984; x_wconf 87' lang='lat' dir='ltr'>partium</span> <span class='ocrx_word' id='word_1_42' title='bbox 1314 908 1432 966; x_wconf 92' lang='lat' dir='ltr'>nomina</span> 
     </span>
     <span class='ocr_line' id='line_1_7' title="bbox 259 998 1432 1082; baseline -0.001 -20"><span class='ocrx_word' id='word_1_43' title='bbox 259 1022 364 1064; x_wconf 88' lang='lat' dir='ltr'>reuera</span> <span class='ocrx_word' id='word_1_44' title='bbox 383 1006 472 1063; x_wconf 89' lang='lat' dir='ltr'>etiam</span> <span class='ocrx_word' id='word_1_45' title='bbox 491 1006 521 1062; x_wconf 92' lang='lat' dir='ltr'>in</span> <span class='ocrx_word' id='word_1_46' title='bbox 541 998 739 1063; x_wconf 76' lang='lat' dir='ltr'>‘didascalias&#39;</span> <span class='ocrx_word' id='word_1_47' title='bbox 760 1012 879 1082; x_wconf 89' lang='lat' dir='ltr'>recepta</span> <span class='ocrx_word' id='word_1_48' title='bbox 899 1023 964 1064; x_wconf 91' lang='lat' dir='ltr'>esse</span> <span class='ocrx_word' id='word_1_49' title='bbox 983 1003 1152 1064; x_wconf 76' lang='lat' dir='ltr'>luculenter</span> <span class='ocrx_word' id='word_1_50' title='bbox 1171 1013 1294 1082; x_wconf 88' lang='lat' dir='ltr'>apparet</span> <span class='ocrx_word' id='word_1_51' title='bbox 1312 1022 1328 1062; x_wconf 93' lang='lat' dir='ltr'>e</span> <span class='ocrx_word' id='word_1_52' title='bbox 1348 1002 1432 1062; x_wconf 81' lang='lat' dir='ltr'><strong>Pacis</strong></span> 
     </span>
     <span class='ocr_line' id='line_1_8' title="bbox 258 1090 1432 1180; baseline -0.002 -20"><span class='ocrx_word' id='word_1_53' title='bbox 258 1101 428 1180; x_wconf 84' lang='lat' dir='ltr'>didascalia,</span> <span class='ocrx_word' id='word_1_54' title='bbox 456 1101 508 1160; x_wconf 93' lang='lat' dir='ltr'>ubi</span> <span class='ocrx_word' id='word_1_55' title='bbox 537 1119 678 1178; x_wconf 84' lang='lat' dir='ltr'>expresse</span> <span class='ocrx_word' id='word_1_56' title='bbox 708 1100 848 1160; x_wconf 89' lang='lat' dir='ltr'>traditum</span> <span class='ocrx_word' id='word_1_57' title='bbox 876 1111 937 1163; x_wconf 92' lang='lat' dir='ltr'>est:</span> <span class='ocrx_word' id='word_1_58' title='bbox 969 1093 1006 1162; x_wconf 85' lang='grc' dir='ltr'>τὸ</span> <span class='ocrx_word' id='word_1_59' title='bbox 1038 1094 1075 1161; x_wconf 77' lang='grc' dir='ltr'>δὲ</span> <span class='ocrx_word' id='word_1_60' title='bbox 1098 1098 1209 1180; x_wconf 76' lang='grc' dir='ltr'><strong><em>δρᾶμα</em></strong></span> <span class='ocrx_word' id='word_1_61' title='bbox 1232 1090 1432 1180; x_wconf 79' lang='grc' dir='ltr'><strong><em>ὑπεκρίνατο</em></strong></span> 
     </span>
     <span class='ocr_line' id='line_1_9' title="bbox 255 1190 1433 1280; baseline -0.002 -22"><span class='ocrx_word' id='word_1_62' title='bbox 255 1190 519 1279; x_wconf 75' lang='grc' dir='ltr'><strong><em>Ἀπολλόδωρος;</em></strong></span> <span class='ocrx_word' id='word_1_63' title='bbox 548 1197 681 1258; x_wconf 92' lang='lat' dir='ltr'>eiusdem</span> <span class='ocrx_word' id='word_1_64' title='bbox 711 1199 755 1258; x_wconf 91' lang='lat' dir='ltr'>rei</span> <span class='ocrx_word' id='word_1_65' title='bbox 783 1201 965 1280; x_wconf 89' lang='lat' dir='ltr'>testimonia,</span> <span class='ocrx_word' id='word_1_66' title='bbox 994 1207 1028 1259; x_wconf 93' lang='lat' dir='ltr'>ut</span> <span class='ocrx_word' id='word_1_67' title='bbox 1055 1198 1128 1259; x_wconf 92' lang='lat' dir='ltr'>mihi</span> <span class='ocrx_word' id='word_1_68' title='bbox 1156 1199 1275 1276; x_wconf 93' lang='lat' dir='ltr'>quidem</span> <span class='ocrx_word' id='word_1_69' title='bbox 1304 1197 1433 1276; x_wconf 87' lang='lat' dir='ltr'>uidetur,</span> 
     </span>
     <span class='ocr_line' id='line_1_10' title="bbox 244 1295 1432 1376; baseline -0.001 -20"><span class='ocrx_word' id='word_1_70' title='bbox 244 1297 384 1376; x_wconf 30' lang='lat' dir='ltr'>,tortasse</span> <span class='ocrx_word' id='word_1_71' title='bbox 412 1295 546 1354; x_wconf 91' lang='lat' dir='ltr'>habenda</span> <span class='ocrx_word' id='word_1_72' title='bbox 573 1302 663 1355; x_wconf 92' lang='lat' dir='ltr'>erunt</span> <span class='ocrx_word' id='word_1_73' title='bbox 691 1296 781 1354; x_wconf 90' lang='lat' dir='ltr'>etiam</span> <span class='ocrx_word' id='word_1_74' title='bbox 808 1295 971 1356; x_wconf 85' lang='lat' dir='ltr'>Philonidis</span> <span class='ocrx_word' id='word_1_75' title='bbox 1005 1303 1035 1356; x_wconf 89' lang='lat' dir='ltr'>et</span> <span class='ocrx_word' id='word_1_76' title='bbox 1063 1296 1222 1358; x_wconf 81' lang='lat' dir='ltr'>Callistrati</span> <span class='ocrx_word' id='word_1_77' title='bbox 1256 1297 1374 1356; x_wconf 90' lang='lat' dir='ltr'>nomina</span> <span class='ocrx_word' id='word_1_78' title='bbox 1402 1297 1432 1355; x_wconf 92' lang='lat' dir='ltr'>in</span> 
     </span>
     <span class='ocr_line' id='line_1_11' title="bbox 261 1391 1434 1474; baseline -0.002 -21"><span class='ocrx_word' id='word_1_79' title='bbox 261 1392 427 1453; x_wconf 91' lang='lat' dir='ltr'>didascaliis</span> <span class='ocrx_word' id='word_1_80' title='bbox 451 1399 689 1452; x_wconf 87' lang='lat' dir='ltr'>commemorata.</span> <span class='ocrx_word' id='word_1_81' title='bbox 727 1391 759 1450; x_wconf 91' lang='lat' dir='ltr'>Si</span> <span class='ocrx_word' id='word_1_82' title='bbox 782 1394 873 1469; x_wconf 87' lang='lat' dir='ltr'>igitur</span> <span class='ocrx_word' id='word_1_83' title='bbox 892 1393 1078 1474; x_wconf 92' lang='lat' dir='ltr'>Pamphilum</span> <span class='ocrx_word' id='word_1_84' title='bbox 1102 1393 1277 1454; x_wconf 82' lang='lat' dir='ltr'>histrionem</span> <span class='ocrx_word' id='word_1_85' title='bbox 1301 1394 1394 1454; x_wconf 83' lang='lat' dir='ltr'>tuisse</span> <span class='ocrx_word' id='word_1_86' title='bbox 1417 1411 1434 1451; x_wconf 93' lang='lat' dir='ltr'>a</span> 
     </span>
     <span class='ocr_line' id='line_1_12' title="bbox 259 1489 1434 1568; baseline 0.001 -19"><span class='ocrx_word' id='word_1_87' title='bbox 259 1489 416 1550; x_wconf 88' lang='lat' dir='ltr'>Welckero</span> <span class='ocrx_word' id='word_1_88' title='bbox 446 1498 526 1550; x_wconf 87' lang='lat' dir='ltr'>recte</span> <span class='ocrx_word' id='word_1_89' title='bbox 555 1497 698 1550; x_wconf 91' lang='lat' dir='ltr'>statutum</span> <span class='ocrx_word' id='word_1_90' title='bbox 727 1499 821 1568; x_wconf 89' lang='lat' dir='ltr'>esset,</span> <span class='ocrx_word' id='word_1_91' title='bbox 852 1493 917 1552; x_wconf 86' lang='lat' dir='ltr'>cius</span> <span class='ocrx_word' id='word_1_92' title='bbox 946 1511 1053 1553; x_wconf 93' lang='lat' dir='ltr'>nomen</span> <span class='ocrx_word' id='word_1_93' title='bbox 1081 1495 1112 1553; x_wconf 93' lang='lat' dir='ltr'>in</span> <span class='ocrx_word' id='word_1_94' title='bbox 1141 1492 1308 1554; x_wconf 88' lang='lat' dir='ltr'>didascaliis</span> <span class='ocrx_word' id='word_1_95' title='bbox 1335 1495 1434 1551; x_wconf 88' lang='lat' dir='ltr'>inesse</span> 
     </span>
     <span class='ocr_line' id='line_1_13' title="bbox 261 1585 1435 1666; baseline 0.001 -19"><span class='ocrx_word' id='word_1_96' title='bbox 261 1588 364 1648; x_wconf 83' lang='lat' dir='ltr'>debuit</span> <span class='ocrx_word' id='word_1_97' title='bbox 388 1587 477 1665; x_wconf 92' lang='lat' dir='ltr'>idque</span> <span class='ocrx_word' id='word_1_98' title='bbox 502 1602 536 1646; x_wconf 93' lang='lat' dir='ltr'>eo</span> <span class='ocrx_word' id='word_1_99' title='bbox 561 1588 654 1664; x_wconf 90' lang='lat' dir='ltr'>magis</span> <span class='ocrx_word' id='word_1_100' title='bbox 678 1585 795 1666; x_wconf 86' lang='lat' dir='ltr'>debuit,</span> <span class='ocrx_word' id='word_1_101' title='bbox 822 1588 900 1666; x_wconf 92' lang='lat' dir='ltr'>quod</span> <span class='ocrx_word' id='word_1_102' title='bbox 925 1591 1090 1650; x_wconf 89' lang='lat' dir='ltr'>certissime</span> <span class='ocrx_word' id='word_1_103' title='bbox 1115 1589 1201 1650; x_wconf 90' lang='lat' dir='ltr'>breui</span> <span class='ocrx_word' id='word_1_104' title='bbox 1224 1596 1291 1648; x_wconf 91' lang='lat' dir='ltr'>ante</span> <span class='ocrx_word' id='word_1_105' title='bbox 1314 1588 1435 1648; x_wconf 91' lang='lat' dir='ltr'>Plutum</span> 
     </span>
     <span class='ocr_line' id='line_1_14' title="bbox 261 1684 1436 1765; baseline -0.002 -19"><span class='ocrx_word' id='word_1_106' title='bbox 261 1687 377 1746; x_wconf 86' lang='lat' dir='ltr'>doctam</span> <span class='ocrx_word' id='word_1_107' title='bbox 397 1685 425 1744; x_wconf 91' lang='lat' dir='ltr'>h.</span> <span class='ocrx_word' id='word_1_108' title='bbox 446 1702 471 1744; x_wconf 92' lang='lat' dir='ltr'>e.</span> <span class='ocrx_word' id='word_1_109' title='bbox 491 1693 558 1763; x_wconf 95' lang='lat' dir='ltr'>post</span> <span class='ocrx_word' id='word_1_110' title='bbox 573 1684 724 1762; x_wconf 86' lang='lat' dir='ltr'>Euripidis</span> <span class='ocrx_word' id='word_1_111' title='bbox 746 1695 871 1746; x_wconf 89' lang='lat' dir='ltr'>mortem</span> <span class='ocrx_word' id='word_1_112' title='bbox 886 1684 1057 1764; x_wconf 90' lang='lat' dir='ltr'>Pamphilus</span> <span class='ocrx_word' id='word_1_113' title='bbox 1076 1687 1164 1765; x_wconf 91' lang='lat' dir='ltr'>primi</span> <span class='ocrx_word' id='word_1_114' title='bbox 1183 1689 1292 1748; x_wconf 87' lang='lat' dir='ltr'>actoris</span> <span class='ocrx_word' id='word_1_115' title='bbox 1312 1704 1436 1747; x_wconf 87' lang='lat' dir='ltr'>munere</span> 
     </span>
     <span class='ocr_line' id='line_1_15' title="bbox 261 1781 1436 1862; baseline 0 -18"><span class='ocrx_word' id='word_1_116' title='bbox 261 1783 336 1844; x_wconf 92' lang='lat' dir='ltr'>male</span> <span class='ocrx_word' id='word_1_117' title='bbox 360 1785 481 1844; x_wconf 79' lang='lat' dir='ltr'>structus</span> <span class='ocrx_word' id='word_1_118' title='bbox 505 1800 570 1842; x_wconf 90' lang='lat' dir='ltr'>esse</span> <span class='ocrx_word' id='word_1_119' title='bbox 594 1781 744 1860; x_wconf 93' lang='lat' dir='ltr'>putandus</span> <span class='ocrx_word' id='word_1_120' title='bbox 768 1790 826 1862; x_wconf 86' lang='lat' dir='ltr'>est,</span> <span class='ocrx_word' id='word_1_121' title='bbox 854 1785 881 1842; x_wconf 94' lang='lat' dir='ltr'>si</span> <span class='ocrx_word' id='word_1_122' title='bbox 907 1783 994 1842; x_wconf 94' lang='lat' dir='ltr'>modo</span> <span class='ocrx_word' id='word_1_123' title='bbox 1018 1783 1224 1862; x_wconf 79' lang='lat' dir='ltr'>Aristophanis</span> <span class='ocrx_word' id='word_1_124' title='bbox 1248 1783 1339 1844; x_wconf 88' lang='lat' dir='ltr'>uerba</span> <span class='ocrx_word' id='word_1_125' title='bbox 1364 1783 1436 1862; x_wconf 92' lang='lat' dir='ltr'>quid</span> 
     </span>
     <span class='ocr_line' id='line_1_16' title="bbox 262 1871 1504 1960; baseline -0.001 -19"><span class='ocrx_word' id='word_1_126' title='bbox 262 1882 318 1942; x_wconf 90' lang='lat' dir='ltr'>sibi</span> <span class='ocrx_word' id='word_1_127' title='bbox 341 1881 453 1942; x_wconf 89' lang='lat' dir='ltr'>uellent</span> <span class='ocrx_word' id='word_1_128' title='bbox 476 1900 492 1940; x_wconf 92' lang='lat' dir='ltr'>a</span> <span class='ocrx_word' id='word_1_129' title='bbox 516 1879 734 1959; x_wconf 89' lang='lat' dir='ltr'>spectatoribus</span> <span class='ocrx_word' id='word_1_130' title='bbox 757 1888 933 1960; x_wconf 87' lang='lat' dir='ltr'>perceptum</span> <span class='ocrx_word' id='word_1_131' title='bbox 958 1898 1024 1941; x_wconf 91' lang='lat' dir='ltr'>esse</span> <span class='ocrx_word' id='word_1_132' title='bbox 1044 1891 1196 1960; x_wconf 92' lang='lat' dir='ltr'>putamus:</span> <span class='ocrx_word' id='word_1_133' title='bbox 1220 1898 1324 1941; x_wconf 90' lang='lat' dir='ltr'>eorum</span> <span class='ocrx_word' id='word_1_134' title='bbox 1347 1883 1437 1960; x_wconf 89' lang='lat' dir='ltr'>enim,</span> <span class='ocrx_word' id='word_1_135' title='bbox 1501 1871 1504 1878; x_wconf 78' lang='grc'><strong>’</strong></span> 
     </span>
     <span class='ocr_line' id='line_1_17' title="bbox 213 1977 1437 2058; baseline -0.001 -19"><span class='ocrx_word' id='word_1_136' title='bbox 213 2047 217 2055; x_wconf 38' lang='grc'><strong><em>,</em></strong></span> <span class='ocrx_word' id='word_1_137' title='bbox 262 1981 314 2058; x_wconf 95' lang='lat' dir='ltr'>qui</span> <span class='ocrx_word' id='word_1_138' title='bbox 328 1981 464 2057; x_wconf 91' lang='lat' dir='ltr'>antiquas</span> <span class='ocrx_word' id='word_1_139' title='bbox 479 1979 660 2056; x_wconf 86' lang='lat' dir='ltr'>optimorum</span> <span class='ocrx_word' id='word_1_140' title='bbox 680 1986 834 2056; x_wconf 87' lang='lat' dir='ltr'>poetarum</span> <span class='ocrx_word' id='word_1_141' title='bbox 855 1977 968 2038; x_wconf 86' lang='lat' dir='ltr'>fabulas</span> <span class='ocrx_word' id='word_1_142' title='bbox 986 1981 1095 2040; x_wconf 85' lang='lat' dir='ltr'>iterum</span> <span class='ocrx_word' id='word_1_143' title='bbox 1114 1978 1262 2040; x_wconf 89' lang='lat' dir='ltr'>docendas</span> <span class='ocrx_word' id='word_1_144' title='bbox 1282 1979 1437 2058; x_wconf 85' lang='lat' dir='ltr'>curabant,</span> 
     </span>
    </p>
   </div>
   <div class='ocr_carea' id='block_1_3' title="bbox 144 2074 1437 2166">
    <p class='ocr_par' dir='ltr' id='par_1_3' title="bbox 144 2074 1437 2166">
     <span class='ocr_line' id='line_1_18' title="bbox 144 2074 1437 2166; baseline -0.002 -28"><span class='ocrx_word' id='word_1_145' title='bbox 144 2153 153 2166; x_wconf 79' lang='lat'>.</span> <span class='ocrx_word' id='word_1_146' title='bbox 262 2080 381 2138; x_wconf 87' lang='lat' dir='ltr'>uomina</span> <span class='ocrx_word' id='word_1_147' title='bbox 409 2080 438 2137; x_wconf 92' lang='lat' dir='ltr'>in</span> <span class='ocrx_word' id='word_1_148' title='bbox 468 2074 563 2136; x_wconf 89' lang='lat' dir='ltr'>titulis</span> <span class='ocrx_word' id='word_1_149' title='bbox 586 2074 644 2134; x_wconf 91' lang='lat' dir='ltr'>illis</span> <span class='ocrx_word' id='word_1_150' title='bbox 667 2094 727 2156; x_wconf 90' lang='lat' dir='ltr'>non</span> <span class='ocrx_word' id='word_1_151' title='bbox 751 2078 900 2136; x_wconf 90' lang='lat' dir='ltr'>nominata</span> <span class='ocrx_word' id='word_1_152' title='bbox 926 2083 1039 2136; x_wconf 90' lang='lat' dir='ltr'>tautum</span> <span class='ocrx_word' id='word_1_153' title='bbox 1063 2084 1146 2156; x_wconf 88' lang='lat' dir='ltr'>sunt,</span> <span class='ocrx_word' id='word_1_154' title='bbox 1174 2077 1226 2138; x_wconf 91' lang='lat' dir='ltr'>sed</span> <span class='ocrx_word' id='word_1_155' title='bbox 1250 2079 1346 2156; x_wconf 90' lang='lat' dir='ltr'>primo</span> <span class='ocrx_word' id='word_1_156' title='bbox 1370 2076 1437 2136; x_wconf 90' lang='lat' dir='ltr'>loco</span> 
     </span>
    </p>
   </div>
   <div class='ocr_carea' id='block_1_4' title="bbox 260 2163 1441 2936">
    <p class='ocr_par' dir='ltr' id='par_1_4' title="bbox 260 2163 1438 2447">
     <span class='ocr_line' id='line_1_19' title="bbox 263 2163 1437 2256; baseline -0.001 -21"><span class='ocrx_word' id='word_1_157' title='bbox 263 2177 425 2253; x_wconf 84' lang='lat' dir='ltr'>nominata,</span> <span class='ocrx_word' id='word_1_158' title='bbox 452 2182 485 2233; x_wconf 92' lang='lat' dir='ltr'>ut</span> <span class='ocrx_word' id='word_1_159' title='bbox 509 2191 533 2234; x_wconf 93' lang='lat' dir='ltr'>e.</span> <span class='ocrx_word' id='word_1_160' title='bbox 557 2189 584 2249; x_wconf 90' lang='lat' dir='ltr'>g.</span> <span class='ocrx_word' id='word_1_161' title='bbox 607 2169 747 2253; x_wconf 81' lang='grc' dir='ltr'><strong><em>παλαιᾷ·</em></strong></span> <span class='ocrx_word' id='word_1_162' title='bbox 775 2165 1009 2252; x_wconf 77' lang='grc' dir='ltr'><em>Νεοπτόλεμος</em></span> <span class='ocrx_word' id='word_1_163' title='bbox 1028 2163 1207 2256; x_wconf 76' lang='grc' dir='ltr'><em>Ἰφιγενείᾳ</em></span> <span class='ocrx_word' id='word_1_164' title='bbox 1231 2165 1437 2254; x_wconf 63' lang='lat' dir='ltr'>adpraedam</span> 
     </span>
     <span class='ocr_line' id='line_1_20' title="bbox 260 2260 1438 2353; baseline 0 -21"><span class='ocrx_word' id='word_1_165' title='bbox 260 2269 400 2352; x_wconf 77' lang='grc' dir='ltr'><strong><em>παλαιᾷ·</em></strong></span> <span class='ocrx_word' id='word_1_166' title='bbox 424 2262 684 2348; x_wconf 79' lang='grc' dir='ltr'><strong><em>Νεοπτόλεμ[ος]</em></strong></span> <span class='ocrx_word' id='word_1_167' title='bbox 711 2260 841 2352; x_wconf 77' lang='grc' dir='ltr'><em>Ὀρέστῃ</em></span> <span class='ocrx_word' id='word_1_168' title='bbox 867 2261 1072 2350; x_wconf 73' lang='grc' dir='ltr'><strong><em>Εὐοιπίδονς</em></strong></span> <span class='ocrx_word' id='word_1_169' title='bbox 1098 2268 1247 2353; x_wconf 71' lang='grc' dir='ltr'>[παλαιᾷΙ</span> <span class='ocrx_word' id='word_1_170' title='bbox 1280 2267 1438 2349; x_wconf 82' lang='grc' dir='ltr'><strong><em>·ό]στο[α·</em></strong></span> 
     </span>
     <span class='ocr_line' id='line_1_21' title="bbox 262 2358 900 2447; baseline 0 -18"><span class='ocrx_word' id='word_1_171' title='bbox 262 2368 332 2444; x_wconf 83' lang='grc' dir='ltr'><strong><em>τος]</em></strong></span> <span class='ocrx_word' id='word_1_172' title='bbox 359 2367 413 2446; x_wconf 88' lang='grc'>[-</span> <span class='ocrx_word' id='word_1_173' title='bbox 431 2388 513 2427; x_wconf 84' lang='grc' dir='ltr'>--ι</span> <span class='ocrx_word' id='word_1_174' title='bbox 535 2358 741 2447; x_wconf 78' lang='grc' dir='ltr'><strong><em>Εὐ]οιπι’ὃον</em></strong></span> <span class='ocrx_word' id='word_1_175' title='bbox 765 2376 821 2428; x_wconf 87' lang='lat' dir='ltr'>etc.</span> <span class='ocrx_word' id='word_1_176' title='bbox 845 2377 900 2429; x_wconf 86' lang='lat' dir='ltr'>etc.</span> 
     </span>
    </p>

    <p class='ocr_par' dir='ltr' id='par_1_5' title="bbox 264 2463 1441 2936">
     <span class='ocr_line' id='line_1_22' title="bbox 352 2463 1439 2544; baseline 0.002 -20"><span class='ocrx_word' id='word_1_177' title='bbox 352 2465 405 2525; x_wconf 88' lang='lat' dir='ltr'>llis</span> <span class='ocrx_word' id='word_1_178' title='bbox 423 2465 459 2526; x_wconf 94' lang='lat' dir='ltr'>de</span> <span class='ocrx_word' id='word_1_179' title='bbox 479 2467 576 2524; x_wconf 88' lang='lat' dir='ltr'>causis</span> <span class='ocrx_word' id='word_1_180' title='bbox 596 2483 633 2524; x_wconf 88' lang='lat' dir='ltr'>ne</span> <span class='ocrx_word' id='word_1_181' title='bbox 652 2465 828 2525; x_wconf 90' lang='lat' dir='ltr'>histrionem</span> <span class='ocrx_word' id='word_1_182' title='bbox 847 2465 967 2543; x_wconf 88' lang='lat' dir='ltr'>quidem</span> <span class='ocrx_word' id='word_1_183' title='bbox 983 2463 1168 2544; x_wconf 93' lang='lat' dir='ltr'>Pamphilum</span> <span class='ocrx_word' id='word_1_184' title='bbox 1188 2467 1279 2526; x_wconf 85' lang='lat' dir='ltr'>luisse</span> <span class='ocrx_word' id='word_1_185' title='bbox 1298 2465 1439 2527; x_wconf 89' lang='lat' dir='ltr'>arbitrari</span> 
     </span>
     <span class='ocr_line' id='line_1_23' title="bbox 264 2560 1440 2643; baseline 0 -19"><span class='ocrx_word' id='word_1_186' title='bbox 264 2564 342 2624; x_wconf 88' lang='lat' dir='ltr'>licet.</span> <span class='ocrx_word' id='word_1_187' title='bbox 389 2562 448 2623; x_wconf 88' lang='lat' dir='ltr'>Sed</span> <span class='ocrx_word' id='word_1_188' title='bbox 471 2570 535 2622; x_wconf 91' lang='lat' dir='ltr'>tum</span> <span class='ocrx_word' id='word_1_189' title='bbox 560 2562 630 2640; x_wconf 95' lang='lat' dir='ltr'>quid</span> <span class='ocrx_word' id='word_1_190' title='bbox 654 2562 724 2623; x_wconf 89' lang='lat' dir='ltr'>huie</span> <span class='ocrx_word' id='word_1_191' title='bbox 748 2561 813 2622; x_wconf 91' lang='lat' dir='ltr'>loco</span> <span class='ocrx_word' id='word_1_192' title='bbox 836 2560 1001 2623; x_wconf 78' lang='lat' dir='ltr'>iaciemus?</span> <span class='ocrx_word' id='word_1_193' title='bbox 1048 2563 1103 2624; x_wconf 89' lang='lat' dir='ltr'>Diu</span> <span class='ocrx_word' id='word_1_194' title='bbox 1131 2565 1317 2643; x_wconf 91' lang='lat' dir='ltr'>multumque</span> <span class='ocrx_word' id='word_1_195' title='bbox 1341 2564 1378 2624; x_wconf 88' lang='lat' dir='ltr'>de</span> <span class='ocrx_word' id='word_1_196' title='bbox 1402 2583 1440 2624; x_wconf 91' lang='lat' dir='ltr'>eo</span> 
     </span>
     <span class='ocr_line' id='line_1_24' title="bbox 264 2660 1441 2740; baseline 0 -18"><span class='ocrx_word' id='word_1_197' title='bbox 264 2662 423 2722; x_wconf 91' lang='lat' dir='ltr'>meditatus</span> <span class='ocrx_word' id='word_1_198' title='bbox 453 2661 529 2720; x_wconf 87' lang='lat' dir='ltr'>lorte</span> <span class='ocrx_word' id='word_1_199' title='bbox 558 2660 675 2719; x_wconf 82' lang='lat' dir='ltr'>fortuna</span> <span class='ocrx_word' id='word_1_200' title='bbox 706 2677 760 2737; x_wconf 90' lang='lat' dir='ltr'>ego</span> <span class='ocrx_word' id='word_1_201' title='bbox 784 2667 896 2721; x_wconf 89' lang='lat' dir='ltr'>rectam</span> <span class='ocrx_word' id='word_1_202' title='bbox 920 2663 1195 2740; x_wconf 88' lang='lat' dir='ltr'>interpretationem</span> <span class='ocrx_word' id='word_1_203' title='bbox 1221 2663 1291 2722; x_wconf 91' lang='lat' dir='ltr'>mihi</span> <span class='ocrx_word' id='word_1_204' title='bbox 1315 2661 1441 2722; x_wconf 90' lang='lat' dir='ltr'>uidebar</span> 
     </span>
     <span class='ocr_line' id='line_1_25' title="bbox 265 2756 1441 2838; baseline 0.001 -19"><span class='ocrx_word' id='word_1_205' title='bbox 265 2760 426 2838; x_wconf 88' lang='lat' dir='ltr'>inuenisse,</span> <span class='ocrx_word' id='word_1_206' title='bbox 449 2757 529 2817; x_wconf 80' lang='lat' dir='ltr'>hum</span> <span class='ocrx_word' id='word_1_207' title='bbox 552 2756 737 2836; x_wconf 90' lang='lat' dir='ltr'>Pamphilum</span> <span class='ocrx_word' id='word_1_208' title='bbox 762 2757 889 2818; x_wconf 91' lang='lat' dir='ltr'>eundem</span> <span class='ocrx_word' id='word_1_209' title='bbox 913 2758 1064 2820; x_wconf 90' lang='lat' dir='ltr'>hominem</span> <span class='ocrx_word' id='word_1_210' title='bbox 1088 2778 1153 2820; x_wconf 93' lang='lat' dir='ltr'>esse</span> <span class='ocrx_word' id='word_1_211' title='bbox 1174 2759 1330 2820; x_wconf 90' lang='lat' dir='ltr'>statuendo</span> <span class='ocrx_word' id='word_1_212' title='bbox 1349 2767 1441 2838; x_wconf 91' lang='lat' dir='ltr'>atque</span> 
     </span>
     <span class='ocr_line' id='line_1_26' title="bbox 265 2854 1254 2936; baseline 0.002 -20"><span class='ocrx_word' id='word_1_213' title='bbox 265 2859 317 2936; x_wconf 94' lang='lat' dir='ltr'>qui</span> <span class='ocrx_word' id='word_1_214' title='bbox 341 2855 376 2915; x_wconf 90' lang='lat' dir='ltr'>ab</span> <span class='ocrx_word' id='word_1_215' title='bbox 400 2855 597 2933; x_wconf 79' lang='lat' dir='ltr'>Aristophane</span> <span class='ocrx_word' id='word_1_216' title='bbox 621 2864 870 2916; x_wconf 91' lang='lat' dir='ltr'>commemoratur</span> <span class='ocrx_word' id='word_1_217' title='bbox 894 2859 982 2918; x_wconf 92' lang='lat' dir='ltr'>etiam</span> <span class='ocrx_word' id='word_1_218' title='bbox 1005 2860 1036 2917; x_wconf 92' lang='lat' dir='ltr'>in</span> <span class='ocrx_word' id='word_1_219' title='bbox 1059 2875 1151 2917; x_wconf 90' lang='lat' dir='ltr'>uersu</span> <span class='ocrx_word' id='word_1_220' title='bbox 1177 2854 1254 2918; x_wconf 76' lang='lat'><strong>174:</strong></span> 
     </span>
    </p>
   </div>
   <div class='ocr_carea' id='block_1_5' title="bbox 448 2986 1260 3078">
    <p class='ocr_par' dir='ltr' id='par_1_6' title="bbox 448 2986 1260 3078">
     <span class='ocr_line' id='line_1_27' title="bbox 448 2986 1260 3078; baseline 0.002 -21"><span class='ocrx_word' id='word_1_221' title='bbox 448 2986 465 3057; x_wconf 88' lang='grc' dir='ltr'>ὁ</span> <span class='ocrx_word' id='word_1_222' title='bbox 485 2993 664 3076; x_wconf 73' lang='grc' dir='ltr'><strong><em>Πάμφιλος</em></strong></span> <span class='ocrx_word' id='word_1_223' title='bbox 688 2987 719 3055; x_wconf 90' lang='lat' dir='ltr'>d&#39;</span> <span class='ocrx_word' id='word_1_224' title='bbox 747 2987 821 3076; x_wconf 84' lang='grc' dir='ltr'><strong><em>οὐχὶ</em></strong></span> <span class='ocrx_word' id='word_1_225' title='bbox 846 2990 902 3056; x_wconf 76' lang='grc' dir='ltr'>διὰ</span> <span class='ocrx_word' id='word_1_226' title='bbox 925 2995 1045 3059; x_wconf 76' lang='grc' dir='ltr'><strong><em>τοῦτον</em></strong></span> <span class='ocrx_word' id='word_1_227' title='bbox 1068 2991 1260 3078; x_wconf 71' lang='lat' dir='ltr'>elucidetur,</span> 
     </span>
    </p>
   </div>
   <div class='ocr_carea' id='block_1_6' title="bbox 264 3133 1444 4489">
    <p class='ocr_par' dir='ltr' id='par_1_7' title="bbox 264 3133 1444 4489">
     <span class='ocr_line' id='line_1_28' title="bbox 265 3133 1443 3221; baseline 0.002 -21"><span class='ocrx_word' id='word_1_228' title='bbox 265 3141 327 3201; x_wconf 91' lang='lat' dir='ltr'>lllio</span> <span class='ocrx_word' id='word_1_229' title='bbox 343 3142 421 3200; x_wconf 91' lang='lat' dir='ltr'>enim</span> <span class='ocrx_word' id='word_1_230' title='bbox 441 3139 594 3199; x_wconf 83' lang='lat' dir='ltr'>aduolauit</span> <span class='ocrx_word' id='word_1_231' title='bbox 613 3137 782 3199; x_wconf 88' lang='lat' dir='ltr'>scholiasta:</span> <span class='ocrx_word' id='word_1_232' title='bbox 801 3133 990 3220; x_wconf 79' lang='grc' dir='ltr'><strong><em>Πάμφιλος,</em></strong></span> <span class='ocrx_word' id='word_1_233' title='bbox 1010 3133 1102 3213; x_wconf 82' lang='grc' dir='ltr'><strong><em>ὅστις</em></strong></span> <span class='ocrx_word' id='word_1_234' title='bbox 1115 3136 1287 3221; x_wconf 77' lang='grc' dir='ltr'><strong><em>γεγένηται</em></strong></span> <span class='ocrx_word' id='word_1_235' title='bbox 1301 3134 1443 3221; x_wconf 81' lang='grc' dir='ltr'><strong><em>κλέπτης</em></strong></span> 
     </span>
     <span class='ocr_line' id='line_1_29' title="bbox 264 3227 1443 3317; baseline 0.002 -18"><span class='ocrx_word' id='word_1_236' title='bbox 264 3235 332 3299; x_wconf 78' lang='grc' dir='ltr'>τῶν</span> <span class='ocrx_word' id='word_1_237' title='bbox 356 3235 539 3317; x_wconf 77' lang='grc' dir='ltr'><strong><em>δημοσίων,</em></strong></span> <span class='ocrx_word' id='word_1_238' title='bbox 568 3227 689 3297; x_wconf 83' lang='grc' dir='ltr'><strong><em>οὐσίαν</em></strong></span> <span class='ocrx_word' id='word_1_239' title='bbox 712 3228 892 3316; x_wconf 76' lang='grc' dir='ltr'><em>ἐδημεύθη.</em></span> <span class='ocrx_word' id='word_1_240' title='bbox 939 3234 975 3298; x_wconf 81' lang='grc' dir='ltr'>ἐκ</span> <span class='ocrx_word' id='word_1_241' title='bbox 997 3231 1126 3298; x_wconf 86' lang='grc' dir='ltr'><strong><em>τούτων</em></strong></span> <span class='ocrx_word' id='word_1_242' title='bbox 1152 3231 1188 3299; x_wconf 75' lang='grc' dir='ltr'>δὲ</span> <span class='ocrx_word' id='word_1_243' title='bbox 1212 3234 1443 3300; x_wconf 75' lang='grc' dir='ltr'><strong><em>ἐσπουδακότα</em></strong></span> 
     </span>
     <span class='ocr_line' id='line_1_30' title="bbox 265 3326 1442 3424; baseline 0.001 -29"><span class='ocrx_word' id='word_1_244' title='bbox 265 3336 422 3396; x_wconf 77' lang='grc' dir='ltr'><strong><em>πλουτεῖν</em></strong></span> <span class='ocrx_word' id='word_1_245' title='bbox 441 3327 651 3394; x_wconf 77' lang='grc' dir='ltr'><strong><em>κλαύσεσθαί</em></strong></span> <span class='ocrx_word' id='word_1_246' title='bbox 667 3348 772 3414; x_wconf 82' lang='grc' dir='ltr'><strong><em>φησιν</em></strong></span> <span class='ocrx_word' id='word_1_247' title='bbox 791 3326 916 3395; x_wconf 82' lang='grc' dir='ltr'><strong><em>ἁλόντα</em></strong></span> <span class='ocrx_word' id='word_1_248' title='bbox 936 3329 988 3396; x_wconf 80' lang='grc' dir='ltr'>ἐπὶ</span> <span class='ocrx_word' id='word_1_249' title='bbox 1006 3333 1112 3417; x_wconf 75' lang='grc' dir='ltr'><strong><em>κλοπῇ</em></strong></span> <span class='ocrx_word' id='word_1_250' title='bbox 1136 3334 1316 3424; x_wconf 68' lang='grc' dir='ltr'><strong><em>δημοσίων.</em></strong></span> <span class='ocrx_word' id='word_1_251' title='bbox 1352 3336 1442 3396; x_wconf 90' lang='lat' dir='ltr'>Prae·</span> 
     </span>
     <span class='ocr_line' id='line_1_31' title="bbox 268 3427 1443 3513; baseline 0.002 -21"><span class='ocrx_word' id='word_1_252' title='bbox 268 3441 348 3493; x_wconf 90' lang='lat' dir='ltr'>terea</span> <span class='ocrx_word' id='word_1_253' title='bbox 364 3449 400 3491; x_wconf 86' lang='lat' dir='ltr'>ex</span> <span class='ocrx_word' id='word_1_254' title='bbox 416 3449 576 3510; x_wconf 91' lang='lat' dir='ltr'>uesparum</span> <span class='ocrx_word' id='word_1_255' title='bbox 591 3450 639 3492; x_wconf 94' lang='lat' dir='ltr'>uu.</span> <span class='ocrx_word' id='word_1_256' title='bbox 651 3427 716 3492; x_wconf 83' lang='lat'>568</span> <span class='ocrx_word' id='word_1_257' title='bbox 728 3449 800 3509; x_wconf 88' lang='lat' dir='ltr'>sqq,</span> <span class='ocrx_word' id='word_1_258' title='bbox 815 3427 879 3492; x_wconf 79' lang='lat'>976</span> <span class='ocrx_word' id='word_1_259' title='bbox 890 3451 954 3512; x_wconf 89' lang='lat' dir='ltr'>sqq.</span> <span class='ocrx_word' id='word_1_260' title='bbox 969 3443 1000 3494; x_wconf 86' lang='lat' dir='ltr'>et</span> <span class='ocrx_word' id='word_1_261' title='bbox 1009 3433 1139 3496; x_wconf 91' lang='lat' dir='ltr'>Platonis</span> <span class='ocrx_word' id='word_1_262' title='bbox 1154 3433 1312 3513; x_wconf 87' lang='lat' dir='ltr'>Apologiae</span> <span class='ocrx_word' id='word_1_263' title='bbox 1326 3452 1353 3512; x_wconf 92' lang='lat' dir='ltr'>p.</span> <span class='ocrx_word' id='word_1_264' title='bbox 1365 3431 1443 3495; x_wconf 81' lang='lat' dir='ltr'>34u</span> 
     </span>
     <span class='ocr_line' id='line_1_32' title="bbox 268 3528 1442 3611; baseline 0 -20"><span class='ocrx_word' id='word_1_265' title='bbox 268 3533 440 3611; x_wconf 76' lang='lat' dir='ltr'>saepissIme</span> <span class='ocrx_word' id='word_1_266' title='bbox 473 3531 561 3590; x_wconf 86' lang='lat' dir='ltr'>ctiam</span> <span class='ocrx_word' id='word_1_267' title='bbox 596 3528 759 3589; x_wconf 89' lang='lat' dir='ltr'>liberorum</span> <span class='ocrx_word' id='word_1_268' title='bbox 792 3528 1010 3610; x_wconf 92' lang='lat' dir='ltr'>mulierumque</span> <span class='ocrx_word' id='word_1_269' title='bbox 1043 3531 1172 3592; x_wconf 88' lang='lat' dir='ltr'>lacrimis</span> <span class='ocrx_word' id='word_1_270' title='bbox 1208 3549 1276 3593; x_wconf 91' lang='lat' dir='ltr'>reos</span> <span class='ocrx_word' id='word_1_271' title='bbox 1307 3531 1442 3592; x_wconf 88' lang='lat' dir='ltr'>iudicum</span> 
     </span>
     <span class='ocr_line' id='line_1_33' title="bbox 267 3627 1444 3706; baseline 0 -16"><span class='ocrx_word' id='word_1_272' title='bbox 267 3631 501 3690; x_wconf 90' lang='lat' dir='ltr'>misericordiam</span> <span class='ocrx_word' id='word_1_273' title='bbox 521 3630 671 3689; x_wconf 86' lang='lat' dir='ltr'>concitare</span> <span class='ocrx_word' id='word_1_274' title='bbox 691 3636 813 3688; x_wconf 89' lang='lat' dir='ltr'>conatos</span> <span class='ocrx_word' id='word_1_275' title='bbox 832 3645 897 3687; x_wconf 90' lang='lat' dir='ltr'>esse</span> <span class='ocrx_word' id='word_1_276' title='bbox 921 3636 1045 3689; x_wconf 87' lang='lat' dir='ltr'>constat.</span> <span class='ocrx_word' id='word_1_277' title='bbox 1075 3627 1160 3688; x_wconf 92' lang='lat' dir='ltr'>Haud</span> <span class='ocrx_word' id='word_1_278' title='bbox 1183 3631 1275 3706; x_wconf 89' lang='lat' dir='ltr'>igitur</span> <span class='ocrx_word' id='word_1_279' title='bbox 1298 3629 1444 3690; x_wconf 89' lang='lat' dir='ltr'>dissimile</span> 
     </span>
     <span class='ocr_line' id='line_1_34' title="bbox 268 3722 1444 3806; baseline -0.001 -18"><span class='ocrx_word' id='word_1_280' title='bbox 268 3728 338 3806; x_wconf 92' lang='lat' dir='ltr'>quid</span> <span class='ocrx_word' id='word_1_281' title='bbox 367 3729 432 3787; x_wconf 90' lang='lat' dir='ltr'>ueri</span> <span class='ocrx_word' id='word_1_282' title='bbox 460 3728 600 3786; x_wconf 90' lang='lat' dir='ltr'>statuisse</span> <span class='ocrx_word' id='word_1_283' title='bbox 629 3725 699 3786; x_wconf 92' lang='lat' dir='ltr'>mihi</span> <span class='ocrx_word' id='word_1_284' title='bbox 730 3722 867 3803; x_wconf 88' lang='lat' dir='ltr'>uidebar,</span> <span class='ocrx_word' id='word_1_285' title='bbox 900 3727 925 3785; x_wconf 92' lang='lat' dir='ltr'>si</span> <span class='ocrx_word' id='word_1_286' title='bbox 954 3727 1042 3785; x_wconf 87' lang='lat' dir='ltr'>etiam</span> <span class='ocrx_word' id='word_1_287' title='bbox 1069 3724 1256 3804; x_wconf 88' lang='lat' dir='ltr'>Pamphilum</span> <span class='ocrx_word' id='word_1_288' title='bbox 1287 3726 1444 3806; x_wconf 88' lang='lat' dir='ltr'>peculatus</span> 
     </span>
     <span class='ocr_line' id='line_1_35' title="bbox 268 3820 1443 3904; baseline 0.002 -20"><span class='ocrx_word' id='word_1_289' title='bbox 268 3843 352 3884; x_wconf 90' lang='lat' dir='ltr'>reum</span> <span class='ocrx_word' id='word_1_290' title='bbox 377 3824 411 3884; x_wconf 93' lang='lat' dir='ltr'>ad</span> <span class='ocrx_word' id='word_1_291' title='bbox 436 3822 514 3882; x_wconf 89' lang='lat' dir='ltr'>idem</span> <span class='ocrx_word' id='word_1_292' title='bbox 538 3823 698 3882; x_wconf 82' lang='lat' dir='ltr'>artificium</span> <span class='ocrx_word' id='word_1_293' title='bbox 720 3824 762 3882; x_wconf 91' lang='lat' dir='ltr'>ita</span> <span class='ocrx_word' id='word_1_294' title='bbox 785 3820 954 3898; x_wconf 79' lang='lat' dir='ltr'>confugisse</span> <span class='ocrx_word' id='word_1_295' title='bbox 977 3821 1051 3882; x_wconf 93' lang='lat' dir='ltr'>mihi</span> <span class='ocrx_word' id='word_1_296' title='bbox 1074 3825 1302 3904; x_wconf 87' lang='lat' dir='ltr'>persuasissem,</span> <span class='ocrx_word' id='word_1_297' title='bbox 1331 3833 1364 3886; x_wconf 88' lang='lat' dir='ltr'>ut</span> <span class='ocrx_word' id='word_1_298' title='bbox 1386 3843 1443 3904; x_wconf 89' lang='lat' dir='ltr'>per</span> 
     </span>
     <span class='ocr_line' id='line_1_36' title="bbox 268 3918 1443 4001; baseline 0.001 -19"><span class='ocrx_word' id='word_1_299' title='bbox 268 3930 358 3983; x_wconf 90' lang='lat' dir='ltr'>totam</span> <span class='ocrx_word' id='word_1_300' title='bbox 395 3920 501 3981; x_wconf 90' lang='lat' dir='ltr'>urbem</span> <span class='ocrx_word' id='word_1_301' title='bbox 534 3921 598 3980; x_wconf 88' lang='lat' dir='ltr'>eius</span> <span class='ocrx_word' id='word_1_302' title='bbox 631 3918 851 3980; x_wconf 89' lang='lat' dir='ltr'>lamentationis</span> <span class='ocrx_word' id='word_1_303' title='bbox 880 3920 955 3979; x_wconf 88' lang='lat' dir='ltr'>fama</span> <span class='ocrx_word' id='word_1_304' title='bbox 990 3921 1185 4001; x_wconf 89' lang='lat' dir='ltr'>discurreret,</span> <span class='ocrx_word' id='word_1_305' title='bbox 1222 3924 1322 4000; x_wconf 90' lang='lat' dir='ltr'>itaque</span> <span class='ocrx_word' id='word_1_306' title='bbox 1356 3921 1443 3984; x_wconf 86' lang='lat' dir='ltr'>facile</span> 
     </span>
     <span class='ocr_line' id='line_1_37' title="bbox 268 4017 1443 4098; baseline 0.001 -19"><span class='ocrx_word' id='word_1_307' title='bbox 268 4018 475 4097; x_wconf 80' lang='lat' dir='ltr'>Aristophanis</span> <span class='ocrx_word' id='word_1_308' title='bbox 500 4017 593 4078; x_wconf 78' lang='lat' dir='ltr'>trerba</span> <span class='ocrx_word' id='word_1_309' title='bbox 617 4034 681 4076; x_wconf 93' lang='lat' dir='ltr'>eam</span> <span class='ocrx_word' id='word_1_310' title='bbox 704 4017 935 4095; x_wconf 85' lang='lat' dir='ltr'>perstringentis</span> <span class='ocrx_word' id='word_1_311' title='bbox 954 4027 1035 4078; x_wconf 88' lang='lat' dir='ltr'>reete</span> <span class='ocrx_word' id='word_1_312' title='bbox 1055 4018 1187 4097; x_wconf 82' lang='lat' dir='ltr'>intellegi</span> <span class='ocrx_word' id='word_1_313' title='bbox 1205 4026 1336 4098; x_wconf 88' lang='lat' dir='ltr'>possent.</span> <span class='ocrx_word' id='word_1_314' title='bbox 1372 4020 1443 4080; x_wconf 89' lang='lat' dir='ltr'>Per·</span> 
     </span>
     <span class='ocr_line' id='line_1_38' title="bbox 269 4112 1443 4196; baseline 0.003 -20"><span class='ocrx_word' id='word_1_315' title='bbox 269 4119 386 4196; x_wconf 90' lang='lat' dir='ltr'>stringi</span> <span class='ocrx_word' id='word_1_316' title='bbox 403 4125 501 4176; x_wconf 90' lang='lat' dir='ltr'>autem</span> <span class='ocrx_word' id='word_1_317' title='bbox 530 4114 609 4175; x_wconf 92' lang='lat' dir='ltr'>illam</span> <span class='ocrx_word' id='word_1_318' title='bbox 638 4112 877 4175; x_wconf 89' lang='lat' dir='ltr'>lamentationem</span> <span class='ocrx_word' id='word_1_319' title='bbox 905 4115 946 4176; x_wconf 87' lang='lat' dir='ltr'>ita</span> <span class='ocrx_word' id='word_1_320' title='bbox 974 4115 1128 4196; x_wconf 88' lang='lat' dir='ltr'>opinabar,</span> <span class='ocrx_word' id='word_1_321' title='bbox 1156 4123 1190 4176; x_wconf 92' lang='lat' dir='ltr'>ut</span> <span class='ocrx_word' id='word_1_322' title='bbox 1217 4114 1443 4179; x_wconf 88' lang='lat' dir='ltr'>Heraclidarum</span> 
     </span>
     <span class='ocr_line' id='line_1_39' title="bbox 270 4211 1443 4293; baseline 0.003 -19"><span class='ocrx_word' id='word_1_323' title='bbox 270 4216 390 4275; x_wconf 92' lang='lat' dir='ltr'>nomine</span> <span class='ocrx_word' id='word_1_324' title='bbox 414 4212 500 4274; x_wconf 90' lang='lat' dir='ltr'>liberi</span> <span class='ocrx_word' id='word_1_325' title='bbox 522 4213 688 4292; x_wconf 88' lang='lat' dir='ltr'>mulierque</span> <span class='ocrx_word' id='word_1_326' title='bbox 709 4211 841 4272; x_wconf 87' lang='lat' dir='ltr'>iudicum</span> <span class='ocrx_word' id='word_1_327' title='bbox 860 4213 1093 4274; x_wconf 88' lang='lat' dir='ltr'>misericordiam</span> <span class='ocrx_word' id='word_1_328' title='bbox 1112 4212 1304 4293; x_wconf 88' lang='lat' dir='ltr'>implorantes</span> <span class='ocrx_word' id='word_1_329' title='bbox 1322 4215 1359 4276; x_wconf 94' lang='lat' dir='ltr'>ab</span> <span class='ocrx_word' id='word_1_330' title='bbox 1378 4216 1443 4278; x_wconf 90' lang='lat' dir='ltr'>Ari-</span> 
     </span>
     <span class='ocr_line' id='line_1_40' title="bbox 270 4310 1443 4392; baseline 0.001 -20"><span class='ocrx_word' id='word_1_331' title='bbox 270 4312 414 4390; x_wconf 89' lang='lat' dir='ltr'>stophane</span> <span class='ocrx_word' id='word_1_332' title='bbox 434 4312 595 4390; x_wconf 87' lang='lat' dir='ltr'>significari</span> <span class='ocrx_word' id='word_1_333' title='bbox 615 4320 759 4390; x_wconf 85' lang='lat' dir='ltr'>putarem.</span> <span class='ocrx_word' id='word_1_334' title='bbox 793 4310 851 4371; x_wconf 91' lang='lat' dir='ltr'>Sed</span> <span class='ocrx_word' id='word_1_335' title='bbox 871 4313 1007 4388; x_wconf 92' lang='lat' dir='ltr'>quamuis</span> <span class='ocrx_word' id='word_1_336' title='bbox 1026 4328 1204 4390; x_wconf 90' lang='lat' dir='ltr'>magnopere</span> <span class='ocrx_word' id='word_1_337' title='bbox 1220 4310 1354 4392; x_wconf 88' lang='lat' dir='ltr'>laetatus,</span> <span class='ocrx_word' id='word_1_338' title='bbox 1373 4331 1443 4374; x_wconf 89' lang='lat' dir='ltr'>cum</span> 
     </span>
     <span class='ocr_line' id='line_1_41' title="bbox 270 4409 1443 4489; baseline 0.003 -21"><span class='ocrx_word' id='word_1_339' title='bbox 270 4410 304 4470; x_wconf 91' lang='lat' dir='ltr'>ad</span> <span class='ocrx_word' id='word_1_340' title='bbox 321 4409 395 4468; x_wconf 90' lang='lat' dir='ltr'>hanc</span> <span class='ocrx_word' id='word_1_341' title='bbox 410 4411 688 4489; x_wconf 84' lang='lat' dir='ltr'>interpretationem</span> <span class='ocrx_word' id='word_1_342' title='bbox 706 4410 922 4489; x_wconf 88' lang='lat' dir='ltr'>peruenissem‚</span> <span class='ocrx_word' id='word_1_343' title='bbox 941 4417 1039 4470; x_wconf 87' lang='lat' dir='ltr'>tamen</span> <span class='ocrx_word' id='word_1_344' title='bbox 1057 4417 1160 4489; x_wconf 87' lang='lat' dir='ltr'>postea</span> <span class='ocrx_word' id='word_1_345' title='bbox 1179 4427 1244 4470; x_wconf 91' lang='lat' dir='ltr'>eam</span> <span class='ocrx_word' id='word_1_346' title='bbox 1262 4409 1443 4472; x_wconf 78' lang='lat' dir='ltr'>reiciendum</span> 
     </span>
    </p>
   </div>
   <div class='ocr_carea' id='block_1_7' title="bbox 0 0 1645 5250">
    <p class='ocr_par' dir='ltr' id='par_1_8' title="bbox 0 0 1645 5250">
     <span class='ocr_line' id='line_1_42' title="bbox 0 0 1645 5250; baseline 0 0"><span class='ocrx_word' id='word_1_347' title='bbox 0 0 1645 5250; x_wconf 95' lang='lat' dir='ltr'> </span> 
     </span>
    </p>
   </div>
  </div>
 </body>
</html>
