<?xml version="1.0" encoding="UTF-8"?>
<!DOCTYPE html PUBLIC "-//W3C//DTD XHTML 1.0 Transitional//EN"
    "http://www.w3.org/TR/xhtml1/DTD/xhtml1-transitional.dtd">
<html xmlns="http://www.w3.org/1999/xhtml" xml:lang="en" lang="en">
 <head>
  <title>
</title>
<meta http-equiv="Content-Type" content="text/html;charset=utf-8" />
  <meta name='ocr-system' content='tesseract 3.04.00' />
  <meta name='ocr-capabilities' content='ocr_page ocr_carea ocr_par ocr_line ocrx_word'/>
</head>
<body>
  <div class='ocr_page' id='page_1' title='image "./plutiaristophan00ludwgoog_0047.png"; bbox 0 0 3246 5250; ppageno 0'>
   <div class='ocr_carea' id='block_1_1' title="bbox 763 364 1005 428">
    <p class='ocr_par' dir='ltr' id='par_1_1' title="bbox 763 364 1005 428">
     <span class='ocr_line' id='line_1_1' title="bbox 763 364 1005 428; baseline 0 -18"><span class='ocrx_word' id='word_1_1' title='bbox 763 364 1005 428; x_wconf 79' lang='lat'>..100-</span> 
     </span>
    </p>
   </div>
   <div class='ocr_carea' id='block_1_2' title="bbox 291 516 1474 4215">
    <p class='ocr_par' dir='ltr' id='par_1_2' title="bbox 296 516 1469 703">
     <span class='ocr_line' id='line_1_2' title="bbox 297 516 1469 606; baseline 0.003 -20"><span class='ocrx_word' id='word_1_2' title='bbox 297 527 354 587; x_wconf 92' lang='lat' dir='ltr'><strong>boc</strong></span> <span class='ocrx_word' id='word_1_3' title='bbox 373 527 551 588; x_wconf 87' lang='lat' dir='ltr'><strong>uocabulum</strong></span> <span class='ocrx_word' id='word_1_4' title='bbox 572 529 687 587; x_wconf 91' lang='lat' dir='ltr'><strong>cautius</strong></span> <span class='ocrx_word' id='word_1_5' title='bbox 707 525 827 587; x_wconf 86' lang='lat' dir='ltr'><strong>uidetur</strong></span> <span class='ocrx_word' id='word_1_6' title='bbox 846 545 882 586; x_wconf 87' lang='lat' dir='ltr'><strong>ex</strong></span> <span class='ocrx_word' id='word_1_7' title='bbox 897 525 975 586; x_wconf 89' lang='lat' dir='ltr'><strong>Pluti</strong></span> <span class='ocrx_word' id='word_1_8' title='bbox 994 529 1103 605; x_wconf 91' lang='lat' dir='ltr'><strong>prioris</strong></span> <span class='ocrx_word' id='word_1_9' title='bbox 1118 528 1290 606; x_wconf 79' lang='lat' dir='ltr'>fragmentis</span> <span class='ocrx_word' id='word_1_10' title='bbox 1310 516 1469 590; x_wconf 82' lang='lat' dir='ltr'><strong>seclusissc</strong></span> 
     </span>
     <span class='ocr_line' id='line_1_3' title="bbox 296 605 724 703; baseline -0.005 -18"><span class='ocrx_word' id='word_1_11' title='bbox 296 643 383 703; x_wconf 93' lang='lat' dir='ltr'><strong>quam</strong></span> <span class='ocrx_word' id='word_1_12' title='bbox 406 627 486 685; x_wconf 85' lang='lat' dir='ltr'><strong>inter</strong></span> <span class='ocrx_word' id='word_1_13' title='bbox 509 645 542 685; x_wconf 89' lang='lat' dir='ltr'><strong>ea</strong></span> <span class='ocrx_word' id='word_1_14' title='bbox 565 605 724 685; x_wconf 76' lang='lat' dir='ltr'><strong>rettulisse.</strong></span> 
     </span>
    </p>

    <p class='ocr_par' dir='ltr' id='par_1_3' title="bbox 292 711 1474 2848">
     <span class='ocr_line' id='line_1_4' title="bbox 385 711 1469 802; baseline 0.002 -19"><span class='ocrx_word' id='word_1_15' title='bbox 385 722 415 799; x_wconf 65' lang='grc' dir='ltr'><strong>ξ.</strong></span> <span class='ocrx_word' id='word_1_16' title='bbox 442 721 491 785; x_wconf 92' lang='grc'><strong>18.</strong></span> <span class='ocrx_word' id='word_1_17' title='bbox 532 723 593 783; x_wconf 88' lang='lat' dir='ltr'><strong>Iam</strong></span> <span class='ocrx_word' id='word_1_18' title='bbox 616 721 766 802; x_wconf 90' lang='lat' dir='ltr'><strong>reliquum</strong></span> <span class='ocrx_word' id='word_1_19' title='bbox 791 730 837 781; x_wconf 92' lang='lat' dir='ltr'><strong>est</strong></span> <span class='ocrx_word' id='word_1_20' title='bbox 860 723 1056 800; x_wconf 76' lang='lat' dir='ltr'><strong>fragmentum</strong></span> <span class='ocrx_word' id='word_1_21' title='bbox 1080 719 1146 783; x_wconf 83' lang='lat'><strong>450</strong></span> <span class='ocrx_word' id='word_1_22' title='bbox 1169 741 1205 784; x_wconf 86' lang='lat' dir='ltr'><strong>ex</strong></span> <span class='ocrx_word' id='word_1_23' title='bbox 1229 723 1357 784; x_wconf 79' lang='lat' dir='ltr'><strong>Bellieni</strong></span> <span class='ocrx_word' id='word_1_24' title='bbox 1375 711 1469 785; x_wconf 81' lang='lat' dir='ltr'><strong>Aneo-</strong></span> 
     </span>
     <span class='ocr_line' id='line_1_5' title="bbox 296 811 1470 902; baseline 0.003 -22"><span class='ocrx_word' id='word_1_25' title='bbox 296 819 374 881; x_wconf 86' lang='lat' dir='ltr'><strong>dotis</strong></span> <span class='ocrx_word' id='word_1_26' title='bbox 400 819 471 902; x_wconf 87' lang='lat'><strong>113,</strong></span> <span class='ocrx_word' id='word_1_27' title='bbox 498 819 536 882; x_wconf 92' lang='grc'><strong>11</strong></span> <span class='ocrx_word' id='word_1_28' title='bbox 568 822 790 899; x_wconf 89' lang='lat' dir='ltr'><strong>depromptum:</strong></span> <span class='ocrx_word' id='word_1_29' title='bbox 819 815 983 900; x_wconf 80' lang='grc' dir='ltr'><strong><em>ῥοφῆσαι,</em></strong></span> <span class='ocrx_word' id='word_1_30' title='bbox 1012 811 1067 880; x_wconf 81' lang='grc' dir='ltr'><strong>διὰ</strong></span> <span class='ocrx_word' id='word_1_31' title='bbox 1095 817 1156 881; x_wconf 82' lang='grc' dir='ltr'><strong>τοῦ</strong></span> <span class='ocrx_word' id='word_1_32' title='bbox 1185 812 1470 902; x_wconf 77' lang='grc' dir='ltr'><strong>ῦἉριστοφάνης</strong></span> 
     </span>
     <span class='ocr_line' id='line_1_6' title="bbox 296 911 1471 1002; baseline 0.001 -25"><span class='ocrx_word' id='word_1_33' title='bbox 296 911 449 1002; x_wconf 78' lang='grc' dir='ltr'><strong>Πλούτῳ.</strong></span> <span class='ocrx_word' id='word_1_34' title='bbox 491 918 534 978; x_wconf 83' lang='grc' dir='ltr'><strong>Νο</strong></span> <span class='ocrx_word' id='word_1_35' title='bbox 553 919 610 979; x_wconf 90' lang='lat' dir='ltr'><strong>hoc</strong></span> <span class='ocrx_word' id='word_1_36' title='bbox 630 918 749 997; x_wconf 88' lang='lat' dir='ltr'><strong>quidem</strong></span> <span class='ocrx_word' id='word_1_37' title='bbox 770 916 947 977; x_wconf 90' lang='lat' dir='ltr'><strong>uocabulum</strong></span> <span class='ocrx_word' id='word_1_38' title='bbox 965 919 996 977; x_wconf 92' lang='lat' dir='ltr'><strong>in</strong></span> <span class='ocrx_word' id='word_1_39' title='bbox 1015 916 1102 977; x_wconf 91' lang='lat' dir='ltr'><strong>Pluto</strong></span> <span class='ocrx_word' id='word_1_40' title='bbox 1122 921 1282 997; x_wconf 82' lang='lat' dir='ltr'><strong>superstite</strong></span> <span class='ocrx_word' id='word_1_41' title='bbox 1302 921 1471 1002; x_wconf 74' lang='lat' dir='ltr'><strong>inuenitur,</strong></span> 
     </span>
     <span class='ocr_line' id='line_1_7' title="bbox 296 1007 1470 1098; baseline 0.002 -22"><span class='ocrx_word' id='word_1_42' title='bbox 296 1015 348 1076; x_wconf 93' lang='lat' dir='ltr'><strong>sed</strong></span> <span class='ocrx_word' id='word_1_43' title='bbox 373 1013 465 1095; x_wconf 82' lang='lat' dir='ltr'><strong>quid?</strong></span> <span class='ocrx_word' id='word_1_44' title='bbox 497 1019 522 1076; x_wconf 88' lang='lat' dir='ltr'><strong>si</strong></span> <span class='ocrx_word' id='word_1_45' title='bbox 547 1035 628 1096; x_wconf 78' lang='lat' dir='ltr'><strong>erim,</strong></span> <span class='ocrx_word' id='word_1_46' title='bbox 652 1018 703 1095; x_wconf 92' lang='lat' dir='ltr'><strong>qui</strong></span> <span class='ocrx_word' id='word_1_47' title='bbox 727 1016 942 1076; x_wconf 82' lang='lat' dir='ltr'><strong>Antiatticistae</strong></span> <span class='ocrx_word' id='word_1_48' title='bbox 966 1013 1021 1074; x_wconf 89' lang='lat' dir='ltr'><strong>boc</strong></span> <span class='ocrx_word' id='word_1_49' title='bbox 1045 1014 1188 1075; x_wconf 82' lang='lat' dir='ltr'><strong>scribenti</strong></span> <span class='ocrx_word' id='word_1_50' title='bbox 1211 1015 1388 1076; x_wconf 89' lang='lat' dir='ltr'><strong>obuersatus</strong></span> <span class='ocrx_word' id='word_1_51' title='bbox 1415 1007 1470 1098; x_wconf 83' lang='lat' dir='ltr'><strong>cst,</strong></span> 
     </span>
     <span class='ocr_line' id='line_1_8' title="bbox 296 1107 1470 1194; baseline 0.003 -22"><span class='ocrx_word' id='word_1_52' title='bbox 296 1132 418 1174; x_wconf 91' lang='lat' dir='ltr'><strong>uersum</strong></span> <span class='ocrx_word' id='word_1_53' title='bbox 442 1114 538 1174; x_wconf 92' lang='lat' dir='ltr'><strong>adbuc</strong></span> <span class='ocrx_word' id='word_1_54' title='bbox 561 1123 677 1174; x_wconf 85' lang='lat' dir='ltr'><strong>exstare</strong></span> <span class='ocrx_word' id='word_1_55' title='bbox 702 1107 905 1173; x_wconf 81' lang='lat' dir='ltr'><strong>contendero?</strong></span> <span class='ocrx_word' id='word_1_56' title='bbox 941 1110 985 1170; x_wconf 87' lang='grc' dir='ltr'><strong>Αο</strong></span> <span class='ocrx_word' id='word_1_57' title='bbox 1009 1129 1046 1170; x_wconf 92' lang='lat' dir='ltr'><strong>ne</strong></span> <span class='ocrx_word' id='word_1_58' title='bbox 1071 1115 1194 1190; x_wconf 79' lang='lat' dir='ltr'><strong>cogitari</strong></span> <span class='ocrx_word' id='word_1_59' title='bbox 1218 1114 1337 1192; x_wconf 91' lang='lat' dir='ltr'><strong>quidem</strong></span> <span class='ocrx_word' id='word_1_60' title='bbox 1361 1124 1470 1194; x_wconf 90' lang='lat' dir='ltr'><strong>potest,</strong></span> 
     </span>
     <span class='ocr_line' id='line_1_9' title="bbox 295 1203 1474 1291; baseline 0.002 -22"><span class='ocrx_word' id='word_1_61' title='bbox 295 1210 522 1273; x_wconf 80' lang='lat' dir='ltr'><strong>Antiattieistam</strong></span> <span class='ocrx_word' id='word_1_62' title='bbox 542 1211 589 1272; x_wconf 88' lang='lat' dir='ltr'><strong>illa</strong></span> <span class='ocrx_word' id='word_1_63' title='bbox 610 1213 766 1290; x_wconf 85' lang='lat' dir='ltr'><strong>scripsisse</strong></span> <span class='ocrx_word' id='word_1_64' title='bbox 785 1210 864 1270; x_wconf 91' lang='lat' dir='ltr'><strong>bunc</strong></span> <span class='ocrx_word' id='word_1_65' title='bbox 883 1225 1005 1267; x_wconf 89' lang='lat' dir='ltr'><strong>uersum</strong></span> <span class='ocrx_word' id='word_1_66' title='bbox 1025 1209 1205 1271; x_wconf 87' lang='lat' dir='ltr'><strong>intuentem:</strong></span> <span class='ocrx_word' id='word_1_67' title='bbox 1225 1203 1288 1289; x_wconf 78' lang='grc' dir='ltr'><strong>ἐγὼ</strong></span> <span class='ocrx_word' id='word_1_68' title='bbox 1304 1204 1367 1290; x_wconf 79' lang='grc' dir='ltr'><strong>γάρ</strong></span> <span class='ocrx_word' id='word_1_69' title='bbox 1383 1211 1474 1291; x_wconf 81' lang='grc' dir='ltr'><em>φημί</em></span> 
     </span>
     <span class='ocr_line' id='line_1_10' title="bbox 296 1300 1469 1390; baseline 0 -22"><span class='ocrx_word' id='word_1_70' title='bbox 296 1321 349 1369; x_wconf 90' lang='grc' dir='ltr'><strong>σοι</strong></span> <span class='ocrx_word' id='word_1_71' title='bbox 372 1303 551 1390; x_wconf 78' lang='grc' dir='ltr'><em>παρέξειν.</em></span> <span class='ocrx_word' id='word_1_72' title='bbox 572 1353 578 1368; x_wconf 96' lang='grc'><em>.</em></span> <span class='ocrx_word' id='word_1_73' title='bbox 598 1300 703 1388; x_wconf 73' lang='grc' dir='ltr'><em>μηδὲν</em></span> <span class='ocrx_word' id='word_1_74' title='bbox 728 1303 852 1387; x_wconf 75' lang='grc' dir='ltr'><strong>δρῶντι</strong></span> <span class='ocrx_word' id='word_1_75' title='bbox 875 1302 1180 1387; x_wconf 80' lang='grc' dir='ltr'><strong>μισθοῦτρνβλίον</strong></span> <span class='ocrx_word' id='word_1_76' title='bbox 1199 1303 1357 1388; x_wconf 76' lang='grc' dir='ltr'><strong><em>ῥοφῆσαι.</em></strong></span> <span class='ocrx_word' id='word_1_77' title='bbox 1392 1307 1469 1368; x_wconf 88' lang='lat' dir='ltr'><strong>Sub·</strong></span> 
     </span>
     <span class='ocr_line' id='line_1_11' title="bbox 296 1401 1470 1488; baseline 0 -22"><span class='ocrx_word' id='word_1_78' title='bbox 296 1409 377 1486; x_wconf 86' lang='lat' dir='ltr'><strong>siste,</strong></span> <span class='ocrx_word' id='word_1_79' title='bbox 407 1425 526 1488; x_wconf 82' lang='lat' dir='ltr'><strong>quaeso,</strong></span> <span class='ocrx_word' id='word_1_80' title='bbox 551 1406 680 1466; x_wconf 90' lang='lat' dir='ltr'><strong>subsiste</strong></span> <span class='ocrx_word' id='word_1_81' title='bbox 705 1401 894 1484; x_wconf 81' lang='lat' dir='ltr'><strong>aliquamdiu,</strong></span> <span class='ocrx_word' id='word_1_82' title='bbox 918 1404 1086 1463; x_wconf 87' lang='lat' dir='ltr'><strong>uenerande</strong></span> <span class='ocrx_word' id='word_1_83' title='bbox 1111 1403 1213 1486; x_wconf 91' lang='lat' dir='ltr'><strong>lector,</strong></span> <span class='ocrx_word' id='word_1_84' title='bbox 1241 1413 1271 1464; x_wconf 91' lang='lat' dir='ltr'><strong>et</strong></span> <span class='ocrx_word' id='word_1_85' title='bbox 1294 1408 1470 1484; x_wconf 88' lang='lat' dir='ltr'><strong>priusquam</strong></span> 
     </span>
     <span class='ocr_line' id='line_1_12' title="bbox 294 1500 1471 1586; baseline 0.003 -24"><span class='ocrx_word' id='word_1_86' title='bbox 294 1505 449 1582; x_wconf 90' lang='lat' dir='ltr'><strong>sequentia</strong></span> <span class='ocrx_word' id='word_1_87' title='bbox 477 1502 566 1586; x_wconf 82' lang='lat' dir='ltr'><strong>legas,</strong></span> <span class='ocrx_word' id='word_1_88' title='bbox 594 1502 751 1582; x_wconf 86' lang='lat' dir='ltr'><strong>responde,</strong></span> <span class='ocrx_word' id='word_1_89' title='bbox 774 1517 873 1560; x_wconf 90' lang='lat' dir='ltr'><strong>nonne</strong></span> <span class='ocrx_word' id='word_1_90' title='bbox 896 1500 951 1570; x_wconf 88' lang='lat' dir='ltr'><strong>tibi</strong></span> <span class='ocrx_word' id='word_1_91' title='bbox 980 1503 1035 1580; x_wconf 90' lang='lat' dir='ltr'><strong>ipsi</strong></span> <span class='ocrx_word' id='word_1_92' title='bbox 1065 1520 1183 1581; x_wconf 92' lang='lat' dir='ltr'><strong>quoque</strong></span> <span class='ocrx_word' id='word_1_93' title='bbox 1212 1502 1290 1563; x_wconf 88' lang='lat' dir='ltr'><strong>idem</strong></span> <span class='ocrx_word' id='word_1_94' title='bbox 1323 1503 1471 1566; x_wconf 90' lang='lat' dir='ltr'><strong>uideatur.</strong></span> 
     </span>
     <span class='ocr_line' id='line_1_13' title="bbox 292 1594 1470 1680; baseline 0.001 -20"><span class='ocrx_word' id='word_1_95' title='bbox 292 1600 398 1660; x_wconf 90' lang='lat' dir='ltr'><strong>Nonne</strong></span> <span class='ocrx_word' id='word_1_96' title='bbox 417 1601 452 1660; x_wconf 93' lang='lat' dir='ltr'><strong>ad</strong></span> <span class='ocrx_word' id='word_1_97' title='bbox 473 1600 591 1662; x_wconf 91' lang='lat' dir='ltr'><strong>Plutum</strong></span> <span class='ocrx_word' id='word_1_98' title='bbox 611 1602 761 1680; x_wconf 90' lang='lat' dir='ltr'><strong>pertinere</strong></span> <span class='ocrx_word' id='word_1_99' title='bbox 786 1596 839 1656; x_wconf 91' lang='lat' dir='ltr'><strong>tibi</strong></span> <span class='ocrx_word' id='word_1_100' title='bbox 866 1594 1008 1658; x_wconf 85' lang='lat' dir='ltr'><strong>uidetur?</strong></span> <span class='ocrx_word' id='word_1_101' title='bbox 1042 1598 1137 1677; x_wconf 80' lang='lat' dir='ltr'><strong>Atque</strong></span> <span class='ocrx_word' id='word_1_102' title='bbox 1157 1607 1190 1659; x_wconf 93' lang='lat' dir='ltr'><strong>ut</strong></span> <span class='ocrx_word' id='word_1_103' title='bbox 1210 1599 1324 1660; x_wconf 79' lang='lat' dir='ltr'><strong>facilius</strong></span> <span class='ocrx_word' id='word_1_104' title='bbox 1342 1617 1470 1679; x_wconf 90' lang='lat' dir='ltr'><strong>respon-</strong></span> 
     </span>
     <span class='ocr_line' id='line_1_14' title="bbox 294 1692 1470 1777; baseline 0.003 -21"><span class='ocrx_word' id='word_1_105' title='bbox 294 1698 373 1777; x_wconf 76' lang='lat' dir='ltr'><strong>deaS,</strong></span> <span class='ocrx_word' id='word_1_106' title='bbox 396 1700 484 1758; x_wconf 87' lang='lat' dir='ltr'><strong>etiam</strong></span> <span class='ocrx_word' id='word_1_107' title='bbox 508 1717 524 1758; x_wconf 93' lang='lat' dir='ltr'><strong>e</strong></span> <span class='ocrx_word' id='word_1_108' title='bbox 546 1698 634 1760; x_wconf 87' lang='lat' dir='ltr'><strong>Pluto</strong></span> <span class='ocrx_word' id='word_1_109' title='bbox 658 1697 818 1776; x_wconf 88' lang='lat' dir='ltr'><strong>superstite</strong></span> <span class='ocrx_word' id='word_1_110' title='bbox 842 1692 939 1753; x_wconf 87' lang='lat' dir='ltr'><strong>locum</strong></span> <span class='ocrx_word' id='word_1_111' title='bbox 963 1694 1018 1754; x_wconf 91' lang='lat' dir='ltr'><strong>tihi</strong></span> <span class='ocrx_word' id='word_1_112' title='bbox 1041 1696 1205 1757; x_wconf 90' lang='lat' dir='ltr'><strong>adscribam</strong></span> <span class='ocrx_word' id='word_1_113' title='bbox 1230 1717 1297 1758; x_wconf 93' lang='lat' dir='ltr'><strong>cum</strong></span> <span class='ocrx_word' id='word_1_114' title='bbox 1319 1698 1368 1758; x_wconf 92' lang='lat' dir='ltr'><strong>illo</strong></span> <span class='ocrx_word' id='word_1_115' title='bbox 1388 1718 1470 1760; x_wconf 89' lang='lat' dir='ltr'><strong>com-</strong></span> 
     </span>
     <span class='ocr_line' id='line_1_15' title="bbox 293 1784 1470 1879; baseline 0.004 -25"><span class='ocrx_word' id='word_1_116' title='bbox 293 1796 456 1874; x_wconf 90' lang='lat' dir='ltr'><strong>parandum</strong></span> <span class='ocrx_word' id='word_1_117' title='bbox 479 1796 572 1857; x_wconf 92' lang='lat' dir='ltr'><strong>bunc:</strong></span> <span class='ocrx_word' id='word_1_118' title='bbox 597 1788 778 1879; x_wconf 76' lang='grc' dir='ltr'><strong>(Πλοῦτος)</strong></span> <span class='ocrx_word' id='word_1_119' title='bbox 802 1784 933 1869; x_wconf 80' lang='grc' dir='ltr'><strong><em>ποιήσει</em></strong></span> <span class='ocrx_word' id='word_1_120' title='bbox 956 1785 1083 1866; x_wconf 80' lang='grc' dir='ltr'><em>πάντας</em></span> <span class='ocrx_word' id='word_1_121' title='bbox 1106 1786 1269 1874; x_wconf 80' lang='grc' dir='ltr'><strong>χρηστοὺς</strong></span> <span class='ocrx_word' id='word_1_122' title='bbox 1286 1789 1342 1855; x_wconf 78' lang='grc' dir='ltr'><strong>καὶ</strong></span> <span class='ocrx_word' id='word_1_123' title='bbox 1365 1797 1470 1858; x_wconf 48' lang='grc' dir='ltr'><em>πλον,</em></span> 
     </span>
     <span class='ocr_line' id='line_1_16' title="bbox 293 1883 1471 1972; baseline 0.001 -19"><span class='ocrx_word' id='word_1_124' title='bbox 293 1889 435 1964; x_wconf 83' lang='grc' dir='ltr'><strong>τοῦντοις</strong></span> <span class='ocrx_word' id='word_1_125' title='bbox 467 1887 577 1972; x_wconf 76' lang='grc' dir='ltr'><em>δήπου</em></span> <span class='ocrx_word' id='word_1_126' title='bbox 608 1885 648 1953; x_wconf 80' lang='grc' dir='ltr'><strong>τοὶ</strong></span> <span class='ocrx_word' id='word_1_127' title='bbox 676 1911 711 1952; x_wconf 82' lang='grc' dir='ltr'><strong>τε</strong></span> <span class='ocrx_word' id='word_1_128' title='bbox 740 1891 819 1950; x_wconf 78' lang='grc' dir='ltr'><strong><em>θεῖοι</em></strong></span> <span class='ocrx_word' id='word_1_129' title='bbox 847 1883 1014 1968; x_wconf 79' lang='grc' dir='ltr'><strong>σέβοντας.</strong></span> <span class='ocrx_word' id='word_1_130' title='bbox 1055 1889 1162 1951; x_wconf 83' lang='grc' dir='ltr'><strong><em>καίτοι</em></strong></span> <span class='ocrx_word' id='word_1_131' title='bbox 1189 1885 1312 1953; x_wconf 85' lang='grc' dir='ltr'><strong>τούτου</strong></span> <span class='ocrx_word' id='word_1_132' title='bbox 1343 1893 1393 1966; x_wconf 81' lang='grc' dir='ltr'><strong>τίς</strong></span> <span class='ocrx_word' id='word_1_133' title='bbox 1426 1883 1471 1955; x_wconf 76' lang='grc' dir='ltr'><strong>ἂν</strong></span> 
     </span>
     <span class='ocr_line' id='line_1_17' title="bbox 295 1977 1471 2070; baseline 0.001 -19"><span class='ocrx_word' id='word_1_134' title='bbox 295 1982 423 2067; x_wconf 83' lang='grc' dir='ltr'><strong><em>ἐξεύροι</em></strong></span> <span class='ocrx_word' id='word_1_135' title='bbox 458 1982 531 2052; x_wconf 89' lang='grc' dir='ltr'><strong>ποτ’</strong></span> <span class='ocrx_word' id='word_1_136' title='bbox 563 1983 718 2070; x_wconf 73' lang='grc' dir='ltr'><strong>ἅμεινον;</strong></span> <span class='ocrx_word' id='word_1_137' title='bbox 846 1977 922 2045; x_wconf 80' lang='grc' dir='ltr'><strong>οὔτε</strong></span> <span class='ocrx_word' id='word_1_138' title='bbox 948 1981 1069 2066; x_wconf 80' lang='grc' dir='ltr'><em>τέχνην</em></span> <span class='ocrx_word' id='word_1_139' title='bbox 1102 1977 1144 2048; x_wconf 77' lang='grc' dir='ltr'><strong>ἂν</strong></span> <span class='ocrx_word' id='word_1_140' title='bbox 1172 1987 1240 2050; x_wconf 80' lang='grc' dir='ltr'><strong>τῶν</strong></span> <span class='ocrx_word' id='word_1_141' title='bbox 1273 1981 1471 2068; x_wconf 75' lang='grc' dir='ltr'><em>ἀνθρώπων</em></span> 
     </span>
     <span class='ocr_line' id='line_1_18' title="bbox 294 2077 1469 2171; baseline 0 -23"><span class='ocrx_word' id='word_1_142' title='bbox 294 2079 368 2148; x_wconf 75' lang='grc' dir='ltr'><strong>οὔτ’</strong></span> <span class='ocrx_word' id='word_1_143' title='bbox 394 2077 437 2148; x_wconf 77' lang='grc' dir='ltr'><strong>ἂν</strong></span> <span class='ocrx_word' id='word_1_144' title='bbox 462 2088 585 2167; x_wconf 83' lang='grc' dir='ltr'><strong><em>σοφίαν</em></strong></span> <span class='ocrx_word' id='word_1_145' title='bbox 609 2078 752 2171; x_wconf 71' lang='grc' dir='ltr'><em>μελετῴη</em></span> <span class='ocrx_word' id='word_1_146' title='bbox 778 2078 901 2156; x_wconf 75' lang='grc' dir='ltr'><strong><em>οὐδείς·</em></strong></span> <span class='ocrx_word' id='word_1_147' title='bbox 926 2080 1158 2166; x_wconf 79' lang='grc' dir='ltr'><strong><em>...ἐθελήσει</em></strong></span> <span class='ocrx_word' id='word_1_148' title='bbox 1181 2085 1230 2157; x_wconf 82' lang='grc' dir='ltr'><strong>τίς</strong></span> <span class='ocrx_word' id='word_1_149' title='bbox 1253 2080 1428 2166; x_wconf 79' lang='grc' dir='ltr'><strong><em>χαλκεύειν</em></strong></span> <span class='ocrx_word' id='word_1_150' title='bbox 1447 2078 1469 2169; x_wconf 84' lang='grc' dir='ltr'><strong><em>ἢ</em></strong></span> 
     </span>
     <span class='ocr_line' id='line_1_19' title="bbox 297 2173 1470 2268; baseline 0 -22"><span class='ocrx_word' id='word_1_151' title='bbox 297 2193 481 2266; x_wconf 81' lang='grc' dir='ltr'><em>ναυπηγεῖν</em></span> <span class='ocrx_word' id='word_1_152' title='bbox 501 2175 521 2266; x_wconf 81' lang='grc' dir='ltr'><em>ἢ</em></span> <span class='ocrx_word' id='word_1_153' title='bbox 542 2182 677 2268; x_wconf 79' lang='grc' dir='ltr'><strong>ῥάπτειν</strong></span> <span class='ocrx_word' id='word_1_154' title='bbox 697 2232 703 2245; x_wconf 94' lang='grc'><em>.</em></span> <span class='ocrx_word' id='word_1_155' title='bbox 723 2231 756 2246; x_wconf 93' lang='grc'><strong>..</strong></span> <span class='ocrx_word' id='word_1_156' title='bbox 780 2173 823 2263; x_wconf 78' lang='grc' dir='ltr'><strong>ἣν</strong></span> <span class='ocrx_word' id='word_1_157' title='bbox 847 2177 910 2262; x_wconf 79' lang='grc' dir='ltr'><strong>ἐξῇ</strong></span> <span class='ocrx_word' id='word_1_158' title='bbox 940 2177 1006 2259; x_wconf 76' lang='grc' dir='ltr'><strong>ζῆν</strong></span> <span class='ocrx_word' id='word_1_159' title='bbox 1034 2173 1170 2263; x_wconf 76' lang='grc' dir='ltr'><strong><em>ἀργοῖς</em></strong></span> <span class='ocrx_word' id='word_1_160' title='bbox 1197 2173 1291 2263; x_wconf 79' lang='grc' dir='ltr'><em>ἡμῖν</em></span> <span class='ocrx_word' id='word_1_161' title='bbox 1314 2177 1470 2247; x_wconf 78' lang='grc' dir='ltr'><em>τούτων</em></span> 
     </span>
     <span class='ocr_line' id='line_1_20' title="bbox 292 2273 1470 2362; baseline 0 -19"><span class='ocrx_word' id='word_1_162' title='bbox 292 2275 452 2343; x_wconf 80' lang='grc' dir='ltr'><em>πάντων</em></span> <span class='ocrx_word' id='word_1_163' title='bbox 480 2273 715 2362; x_wconf 77' lang='grc' dir='ltr'><strong>ἆμελοῦσιν;</strong></span> <span class='ocrx_word' id='word_1_164' title='bbox 747 2279 800 2340; x_wconf 91' lang='lat' dir='ltr'><strong>His</strong></span> <span class='ocrx_word' id='word_1_165' title='bbox 823 2277 971 2358; x_wconf 92' lang='lat' dir='ltr'><strong>uersibus,</strong></span> <span class='ocrx_word' id='word_1_166' title='bbox 995 2279 1104 2356; x_wconf 91' lang='lat' dir='ltr'><strong>quibus</strong></span> <span class='ocrx_word' id='word_1_167' title='bbox 1127 2280 1211 2340; x_wconf 90' lang='lat' dir='ltr'><strong>lacile</strong></span> <span class='ocrx_word' id='word_1_168' title='bbox 1237 2284 1303 2360; x_wconf 91' lang='lat' dir='ltr'><strong>quis</strong></span> <span class='ocrx_word' id='word_1_169' title='bbox 1327 2281 1399 2342; x_wconf 91' lang='lat' dir='ltr'><strong>alios</strong></span> <span class='ocrx_word' id='word_1_170' title='bbox 1418 2283 1470 2343; x_wconf 94' lang='lat' dir='ltr'><strong>ad·</strong></span> 
     </span>
     <span class='ocr_line' id='line_1_21' title="bbox 293 2373 1469 2459; baseline 0.003 -20"><span class='ocrx_word' id='word_1_171' title='bbox 293 2377 411 2459; x_wconf 90' lang='lat' dir='ltr'><strong>diderit,</strong></span> <span class='ocrx_word' id='word_1_172' title='bbox 434 2379 575 2458; x_wconf 89' lang='lat' dir='ltr'><strong>perlectis</strong></span> <span class='ocrx_word' id='word_1_173' title='bbox 593 2390 627 2441; x_wconf 91' lang='lat' dir='ltr'><strong>tu</strong></span> <span class='ocrx_word' id='word_1_174' title='bbox 646 2382 709 2459; x_wconf 90' lang='lat' dir='ltr'><strong>ipse</strong></span> <span class='ocrx_word' id='word_1_175' title='bbox 730 2396 858 2458; x_wconf 88' lang='lat' dir='ltr'><strong>quoque,</strong></span> <span class='ocrx_word' id='word_1_176' title='bbox 882 2373 981 2456; x_wconf 90' lang='lat' dir='ltr'><strong>credo,</strong></span> <span class='ocrx_word' id='word_1_177' title='bbox 1000 2377 1155 2458; x_wconf 89' lang='lat' dir='ltr'><strong>concedes,</strong></span> <span class='ocrx_word' id='word_1_178' title='bbox 1178 2378 1259 2439; x_wconf 90' lang='lat' dir='ltr'><strong>illum</strong></span> <span class='ocrx_word' id='word_1_179' title='bbox 1280 2383 1469 2459; x_wconf 89' lang='lat' dir='ltr'><strong>superiorem</strong></span> 
     </span>
     <span class='ocr_line' id='line_1_22' title="bbox 293 2472 1469 2562; baseline 0.002 -25"><span class='ocrx_word' id='word_1_180' title='bbox 293 2495 415 2537; x_wconf 90' lang='lat' dir='ltr'><strong>uersum</strong></span> <span class='ocrx_word' id='word_1_181' title='bbox 444 2477 532 2562; x_wconf 82' lang='lat' dir='ltr'><strong>talem</strong></span> <span class='ocrx_word' id='word_1_182' title='bbox 562 2497 640 2558; x_wconf 90' lang='lat' dir='ltr'><strong>esse,</strong></span> <span class='ocrx_word' id='word_1_183' title='bbox 668 2486 702 2537; x_wconf 96' lang='lat' dir='ltr'><strong>ut</strong></span> <span class='ocrx_word' id='word_1_184' title='bbox 729 2473 867 2535; x_wconf 80' lang='lat' dir='ltr'><strong>facillime</strong></span> <span class='ocrx_word' id='word_1_185' title='bbox 895 2473 930 2532; x_wconf 91' lang='lat' dir='ltr'><strong>ad</strong></span> <span class='ocrx_word' id='word_1_186' title='bbox 958 2472 1078 2534; x_wconf 91' lang='lat' dir='ltr'><strong>Plutum</strong></span> <span class='ocrx_word' id='word_1_187' title='bbox 1106 2477 1214 2535; x_wconf 84' lang='lat' dir='ltr'><strong>reterri</strong></span> <span class='ocrx_word' id='word_1_188' title='bbox 1243 2479 1337 2554; x_wconf 90' lang='lat' dir='ltr'><strong>possit</strong></span> <span class='ocrx_word' id='word_1_189' title='bbox 1360 2477 1397 2538; x_wconf 91' lang='lat' dir='ltr'><strong>ab</strong></span> <span class='ocrx_word' id='word_1_190' title='bbox 1422 2497 1469 2561; x_wconf 91' lang='lat' dir='ltr'><strong>eo,</strong></span> 
     </span>
     <span class='ocr_line' id='line_1_23' title="bbox 295 2571 1469 2654; baseline 0.003 -20"><span class='ocrx_word' id='word_1_191' title='bbox 295 2577 346 2653; x_wconf 92' lang='lat' dir='ltr'><strong>qui</strong></span> <span class='ocrx_word' id='word_1_192' title='bbox 369 2575 462 2634; x_wconf 88' lang='lat' dir='ltr'><strong>uerba</strong></span> <span class='ocrx_word' id='word_1_193' title='bbox 485 2577 605 2654; x_wconf 92' lang='lat' dir='ltr'><strong>quidem</strong></span> <span class='ocrx_word' id='word_1_194' title='bbox 628 2575 691 2654; x_wconf 91' lang='lat' dir='ltr'><strong>ipsa</strong></span> <span class='ocrx_word' id='word_1_195' title='bbox 714 2574 857 2633; x_wconf 93' lang='lat' dir='ltr'><strong>memoria</strong></span> <span class='ocrx_word' id='word_1_196' title='bbox 879 2579 988 2652; x_wconf 89' lang='lat' dir='ltr'><strong>teneat,</strong></span> <span class='ocrx_word' id='word_1_197' title='bbox 1012 2571 1063 2631; x_wconf 88' lang='lat' dir='ltr'><strong>sed</strong></span> <span class='ocrx_word' id='word_1_198' title='bbox 1087 2574 1210 2652; x_wconf 86' lang='lat' dir='ltr'><strong>originis</strong></span> <span class='ocrx_word' id='word_1_199' title='bbox 1234 2593 1336 2636; x_wconf 91' lang='lat' dir='ltr'><strong>eorum</strong></span> <span class='ocrx_word' id='word_1_200' title='bbox 1356 2575 1469 2638; x_wconf 91' lang='lat' dir='ltr'><strong>oblitus</strong></span> 
     </span>
     <span class='ocr_line' id='line_1_24' title="bbox 294 2668 1468 2753; baseline 0.003 -22"><span class='ocrx_word' id='word_1_201' title='bbox 294 2674 340 2733; x_wconf 92' lang='lat' dir='ltr'><strong>sit.</strong></span> <span class='ocrx_word' id='word_1_202' title='bbox 391 2671 428 2732; x_wconf 86' lang='lat' dir='ltr'><strong>Et</strong></span> <span class='ocrx_word' id='word_1_203' title='bbox 456 2681 554 2733; x_wconf 90' lang='lat' dir='ltr'><strong>tamen</strong></span> <span class='ocrx_word' id='word_1_204' title='bbox 586 2673 635 2732; x_wconf 90' lang='lat' dir='ltr'><strong>bic</strong></span> <span class='ocrx_word' id='word_1_205' title='bbox 662 2689 770 2732; x_wconf 91' lang='lat' dir='ltr'><strong>uersus</strong></span> <span class='ocrx_word' id='word_1_206' title='bbox 799 2670 918 2729; x_wconf 91' lang='lat' dir='ltr'><strong>minime</strong></span> <span class='ocrx_word' id='word_1_207' title='bbox 952 2669 986 2729; x_wconf 92' lang='lat' dir='ltr'><strong>ad</strong></span> <span class='ocrx_word' id='word_1_208' title='bbox 1015 2668 1134 2730; x_wconf 87' lang='lat' dir='ltr'><strong>Plutum</strong></span> <span class='ocrx_word' id='word_1_209' title='bbox 1166 2674 1310 2753; x_wconf 90' lang='lat' dir='ltr'><strong>pertinet,</strong></span> <span class='ocrx_word' id='word_1_210' title='bbox 1343 2674 1395 2734; x_wconf 89' lang='lat' dir='ltr'><strong>sed</strong></span> <span class='ocrx_word' id='word_1_211' title='bbox 1430 2693 1468 2734; x_wconf 86' lang='lat' dir='ltr'><strong>ex</strong></span> 
     </span>
     <span class='ocr_line' id='line_1_25' title="bbox 294 2763 1028 2848; baseline 0.001 -21"><span class='ocrx_word' id='word_1_212' title='bbox 294 2767 452 2847; x_wconf 87' lang='lat' dir='ltr'><strong>Equitibus</strong></span> <span class='ocrx_word' id='word_1_213' title='bbox 476 2769 574 2831; x_wconf 88' lang='lat' dir='ltr'><strong>lahnla</strong></span> <span class='ocrx_word' id='word_1_214' title='bbox 597 2770 792 2848; x_wconf 90' lang='lat' dir='ltr'><strong>depromptus</strong></span> <span class='ocrx_word' id='word_1_215' title='bbox 815 2775 879 2826; x_wconf 93' lang='lat' dir='ltr'><strong>erat</strong></span> <span class='ocrx_word' id='word_1_216' title='bbox 902 2786 930 2829; x_wconf 93' lang='lat' dir='ltr'><strong>u.</strong></span> <span class='ocrx_word' id='word_1_217' title='bbox 953 2763 1028 2829; x_wconf 81' lang='lat'><strong>905.</strong></span> 
     </span>
    </p>

    <p class='ocr_par' dir='ltr' id='par_1_4' title="bbox 292 2860 1468 3829">
     <span class='ocr_line' id='line_1_26' title="bbox 383 2860 1468 2950; baseline 0.004 -24"><span class='ocrx_word' id='word_1_218' title='bbox 383 2861 431 2927; x_wconf 70' lang='lat' dir='ltr'><strong>‘At</strong></span> <span class='ocrx_word' id='word_1_219' title='bbox 454 2865 504 2926; x_wconf 94' lang='lat' dir='ltr'><strong>illo</strong></span> <span class='ocrx_word' id='word_1_220' title='bbox 529 2861 686 2946; x_wconf 76' lang='lat' dir='ltr'><strong>‘equitum’</strong></span> <span class='ocrx_word' id='word_1_221' title='bbox 709 2865 775 2926; x_wconf 89' lang='lat' dir='ltr'><strong>loeo</strong></span> <span class='ocrx_word' id='word_1_222' title='bbox 798 2860 945 2946; x_wconf 80' lang='grc' dir='ltr'><strong><em>ῥοφῆσαι</em></strong></span> <span class='ocrx_word' id='word_1_223' title='bbox 967 2882 1022 2943; x_wconf 88' lang='lat' dir='ltr'><strong>per</strong></span> <span class='ocrx_word' id='word_1_224' title='bbox 1041 2869 1061 2925; x_wconf 79' lang='grc' dir='ltr'><strong><em>ὃ</em></strong></span> <span class='ocrx_word' id='word_1_225' title='bbox 1080 2868 1224 2946; x_wconf 89' lang='lat' dir='ltr'><strong>scriptum</strong></span> <span class='ocrx_word' id='word_1_226' title='bbox 1247 2866 1382 2950; x_wconf 80' lang='lat' dir='ltr'><strong>legimus,</strong></span> <span class='ocrx_word' id='word_1_227' title='bbox 1407 2887 1468 2930; x_wconf 91' lang='lat' dir='ltr'><strong>non</strong></span> 
     </span>
     <span class='ocr_line' id='line_1_27' title="bbox 294 2959 1468 3045; baseline 0.003 -22"><span class='ocrx_word' id='word_1_228' title='bbox 294 2959 444 3044; x_wconf 80' lang='grc' dir='ltr'><strong><em>ῥνφῆσοιι</em></strong></span> <span class='ocrx_word' id='word_1_229' title='bbox 463 2983 517 3043; x_wconf 90' lang='lat' dir='ltr'><strong>per</strong></span> <span class='ocrx_word' id='word_1_230' title='bbox 535 2960 577 3026; x_wconf 82' lang='grc' dir='ltr'><strong>ῦ.’</strong></span> <span class='ocrx_word' id='word_1_231' title='bbox 612 2964 701 3045; x_wconf 88' lang='lat' dir='ltr'><strong>Saue;</strong></span> <span class='ocrx_word' id='word_1_232' title='bbox 721 2963 790 3042; x_wconf 93' lang='lat' dir='ltr'><strong>quid</strong></span> <span class='ocrx_word' id='word_1_233' title='bbox 811 2970 909 3022; x_wconf 90' lang='lat' dir='ltr'><strong>autem</strong></span> <span class='ocrx_word' id='word_1_234' title='bbox 928 2961 984 3021; x_wconf 90' lang='lat' dir='ltr'><strong>boc</strong></span> <span class='ocrx_word' id='word_1_235' title='bbox 1003 2960 1147 3040; x_wconf 85' lang='lat' dir='ltr'><strong>impedit?</strong></span> <span class='ocrx_word' id='word_1_236' title='bbox 1169 2963 1212 3024; x_wconf 91' lang='lat' dir='ltr'><strong>Ne</strong></span> <span class='ocrx_word' id='word_1_237' title='bbox 1228 2967 1306 3025; x_wconf 91' lang='lat' dir='ltr'><strong>enim</strong></span> <span class='ocrx_word' id='word_1_238' title='bbox 1325 2963 1468 3026; x_wconf 80' lang='lat' dir='ltr'><strong>bleineliii</strong></span> 
     </span>
     <span class='ocr_line' id='line_1_28' title="bbox 293 3052 1465 3144; baseline 0.003 -25"><span class='ocrx_word' id='word_1_239' title='bbox 293 3057 328 3119; x_wconf 90' lang='lat' dir='ltr'><strong>ad</strong></span> <span class='ocrx_word' id='word_1_240' title='bbox 363 3078 408 3138; x_wconf 91' lang='lat' dir='ltr'><strong>eq.</strong></span> <span class='ocrx_word' id='word_1_241' title='bbox 437 3058 478 3122; x_wconf 82' lang='lat'><strong>89</strong></span> <span class='ocrx_word' id='word_1_242' title='bbox 512 3052 858 3144; x_wconf 77' lang='grc' dir='ltr'><strong>(κννοκνθρολήρεον)</strong></span> <span class='ocrx_word' id='word_1_243' title='bbox 892 3061 1016 3137; x_wconf 84' lang='lat' dir='ltr'><strong>uestigia</strong></span> <span class='ocrx_word' id='word_1_244' title='bbox 1048 3078 1179 3138; x_wconf 90' lang='lat' dir='ltr'><strong>premam</strong></span> <span class='ocrx_word' id='word_1_245' title='bbox 1217 3080 1250 3122; x_wconf 89' lang='lat' dir='ltr'><strong>ac</strong></span> <span class='ocrx_word' id='word_1_246' title='bbox 1290 3071 1465 3124; x_wconf 82' lang='lat' dir='ltr'><strong>contextum</strong></span> 
     </span>
     <span class='ocr_line' id='line_1_29' title="bbox 295 3156 1466 3238; baseline 0.003 -21"><span class='ocrx_word' id='word_1_247' title='bbox 295 3161 449 3237; x_wconf 83' lang='lat' dir='ltr'><strong>corrigens</strong></span> <span class='ocrx_word' id='word_1_248' title='bbox 472 3159 699 3238; x_wconf 80' lang='lat' dir='ltr'><strong>Aristophanem</strong></span> <span class='ocrx_word' id='word_1_249' title='bbox 723 3160 848 3219; x_wconf 84' lang='lat' dir='ltr'><strong>sortasse</strong></span> <span class='ocrx_word' id='word_1_250' title='bbox 866 3156 923 3216; x_wconf 91' lang='lat' dir='ltr'><strong>boc</strong></span> <span class='ocrx_word' id='word_1_251' title='bbox 943 3174 1061 3236; x_wconf 90' lang='lat' dir='ltr'><strong>quoque</strong></span> <span class='ocrx_word' id='word_1_252' title='bbox 1081 3156 1146 3218; x_wconf 92' lang='lat' dir='ltr'><strong>loco</strong></span> <span class='ocrx_word' id='word_1_253' title='bbox 1165 3159 1258 3219; x_wconf 83' lang='lat' dir='ltr'><strong>torma</strong></span> <span class='ocrx_word' id='word_1_254' title='bbox 1276 3159 1375 3222; x_wconf 89' lang='lat' dir='ltr'><strong>ionica</strong></span> <span class='ocrx_word' id='word_1_255' title='bbox 1396 3179 1466 3222; x_wconf 90' lang='lat' dir='ltr'><strong>con·</strong></span> 
     </span>
     <span class='ocr_line' id='line_1_30' title="bbox 293 3253 1467 3339; baseline 0.003 -25"><span class='ocrx_word' id='word_1_256' title='bbox 293 3253 371 3315; x_wconf 91' lang='lat' dir='ltr'><strong>sulto</strong></span> <span class='ocrx_word' id='word_1_257' title='bbox 395 3273 482 3314; x_wconf 82' lang='lat' dir='ltr'><strong>usrrm</strong></span> <span class='ocrx_word' id='word_1_258' title='bbox 502 3273 568 3316; x_wconf 88' lang='lat' dir='ltr'><strong>esse</strong></span> <span class='ocrx_word' id='word_1_259' title='bbox 588 3259 753 3317; x_wconf 89' lang='lat' dir='ltr'><strong>enuntiem:</strong></span> <span class='ocrx_word' id='word_1_260' title='bbox 777 3273 857 3315; x_wconf 92' lang='lat' dir='ltr'><strong>nunc</strong></span> <span class='ocrx_word' id='word_1_261' title='bbox 877 3255 1016 3331; x_wconf 90' lang='lat' dir='ltr'><strong>quoniam</strong></span> <span class='ocrx_word' id='word_1_262' title='bbox 1036 3254 1243 3339; x_wconf 82' lang='lat' dir='ltr'><strong>intelleximus,</strong></span> <span class='ocrx_word' id='word_1_263' title='bbox 1267 3275 1354 3335; x_wconf 94' lang='lat' dir='ltr'><strong>quam</strong></span> <span class='ocrx_word' id='word_1_264' title='bbox 1373 3257 1467 3319; x_wconf 87' lang='lat' dir='ltr'><strong>lubri-</strong></span> 
     </span>
     <span class='ocr_line' id='line_1_31' title="bbox 293 3350 1468 3431; baseline 0.003 -19"><span class='ocrx_word' id='word_1_265' title='bbox 293 3370 347 3412; x_wconf 89' lang='lat' dir='ltr'><strong>cus</strong></span> <span class='ocrx_word' id='word_1_266' title='bbox 367 3360 397 3412; x_wconf 92' lang='lat' dir='ltr'><strong>et</strong></span> <span class='ocrx_word' id='word_1_267' title='bbox 416 3350 543 3412; x_wconf 90' lang='lat' dir='ltr'><strong>errando</strong></span> <span class='ocrx_word' id='word_1_268' title='bbox 562 3372 675 3431; x_wconf 91' lang='lat' dir='ltr'><strong>pronus</strong></span> <span class='ocrx_word' id='word_1_269' title='bbox 694 3355 733 3414; x_wconf 87' lang='lat' dir='ltr'><strong>sit</strong></span> <span class='ocrx_word' id='word_1_270' title='bbox 751 3361 831 3413; x_wconf 87' lang='lat' dir='ltr'><strong>totns</strong></span> <span class='ocrx_word' id='word_1_271' title='bbox 850 3351 899 3410; x_wconf 92' lang='lat' dir='ltr'><strong>bic</strong></span> <span class='ocrx_word' id='word_1_272' title='bbox 918 3368 1049 3431; x_wconf 90' lang='lat' dir='ltr'><strong>campus,</strong></span> <span class='ocrx_word' id='word_1_273' title='bbox 1071 3370 1130 3413; x_wconf 92' lang='lat' dir='ltr'><strong>uua</strong></span> <span class='ocrx_word' id='word_1_274' title='bbox 1149 3353 1247 3414; x_wconf 89' lang='lat' dir='ltr'><strong>littera</strong></span> <span class='ocrx_word' id='word_1_275' title='bbox 1267 3373 1337 3415; x_wconf 84' lang='lat' dir='ltr'><strong>rrum</strong></span> <span class='ocrx_word' id='word_1_276' title='bbox 1357 3355 1468 3418; x_wconf 91' lang='lat' dir='ltr'><strong>adduci</strong></span> 
     </span>
     <span class='ocr_line' id='line_1_32' title="bbox 294 3445 1467 3531; baseline 0.004 -21"><span class='ocrx_word' id='word_1_277' title='bbox 294 3459 322 3510; x_wconf 91' lang='lat' dir='ltr'><strong>te</strong></span> <span class='ocrx_word' id='word_1_278' title='bbox 342 3451 473 3531; x_wconf 89' lang='lat' dir='ltr'><strong>patieris,</strong></span> <span class='ocrx_word' id='word_1_279' title='bbox 492 3458 526 3510; x_wconf 87' lang='lat' dir='ltr'><strong>ut</strong></span> <span class='ocrx_word' id='word_1_280' title='bbox 541 3453 742 3511; x_wconf 89' lang='lat' dir='ltr'><strong>coniecturam</strong></span> <span class='ocrx_word' id='word_1_281' title='bbox 762 3451 819 3508; x_wconf 90' lang='lat' dir='ltr'><strong>iam</strong></span> <span class='ocrx_word' id='word_1_282' title='bbox 838 3445 990 3528; x_wconf 87' lang='lat' dir='ltr'><strong>probatam</strong></span> <span class='ocrx_word' id='word_1_283' title='bbox 1011 3448 1138 3512; x_wconf 85' lang='lat' dir='ltr'><strong>reicias?</strong></span> <span class='ocrx_word' id='word_1_284' title='bbox 1161 3447 1210 3512; x_wconf 77' lang='lat' dir='ltr'><strong>‘Aa</strong></span> <span class='ocrx_word' id='word_1_285' title='bbox 1229 3453 1264 3513; x_wconf 92' lang='lat' dir='ltr'><strong>de</strong></span> <span class='ocrx_word' id='word_1_286' title='bbox 1283 3454 1330 3514; x_wconf 89' lang='lat' dir='ltr'><strong>bis</strong></span> <span class='ocrx_word' id='word_1_287' title='bbox 1349 3453 1467 3516; x_wconf 90' lang='lat' dir='ltr'><strong>duabus</strong></span> 
     </span>
     <span class='ocr_line' id='line_1_33' title="bbox 292 3545 1468 3628; baseline 0.005 -22"><span class='ocrx_word' id='word_1_288' title='bbox 292 3546 393 3628; x_wconf 90' lang='lat' dir='ltr'><strong>rebus,</strong></span> <span class='ocrx_word' id='word_1_289' title='bbox 416 3555 447 3606; x_wconf 90' lang='lat' dir='ltr'><strong>ct</strong></span> <span class='ocrx_word' id='word_1_290' title='bbox 470 3545 506 3606; x_wconf 88' lang='lat' dir='ltr'><strong>de</strong></span> <span class='ocrx_word' id='word_1_291' title='bbox 530 3546 627 3607; x_wconf 87' lang='lat' dir='ltr'><strong>labula</strong></span> <span class='ocrx_word' id='word_1_292' title='bbox 652 3547 740 3607; x_wconf 92' lang='lat' dir='ltr'><strong>etde</strong></span> <span class='ocrx_word' id='word_1_293' title='bbox 765 3545 1119 3626; x_wconf 80' lang='lat' dir='ltr'><strong>lorma,1lntiatticistam</strong></span> <span class='ocrx_word' id='word_1_294' title='bbox 1143 3569 1259 3611; x_wconf 85' lang='lat' dir='ltr'><strong>errasse</strong></span> <span class='ocrx_word' id='word_1_295' title='bbox 1282 3553 1389 3611; x_wconf 91' lang='lat' dir='ltr'><strong>nimiae</strong></span> <span class='ocrx_word' id='word_1_296' title='bbox 1415 3571 1468 3614; x_wconf 90' lang='lat' dir='ltr'><strong>au·</strong></span> 
     </span>
     <span class='ocr_line' id='line_1_34' title="bbox 293 3639 1467 3733; baseline 0.004 -29"><span class='ocrx_word' id='word_1_297' title='bbox 293 3645 393 3705; x_wconf 87' lang='lat' dir='ltr'><strong>daciae</strong></span> <span class='ocrx_word' id='word_1_298' title='bbox 417 3653 464 3704; x_wconf 91' lang='lat' dir='ltr'><strong>est</strong></span> <span class='ocrx_word' id='word_1_299' title='bbox 487 3639 638 3705; x_wconf 66' lang='lat' dir='ltr'><strong>statuere?</strong></span> <span class='ocrx_word' id='word_1_300' title='bbox 681 3643 739 3704; x_wconf 91' lang='lat' dir='ltr'><strong>Sed</strong></span> <span class='ocrx_word' id='word_1_301' title='bbox 763 3646 793 3704; x_wconf 93' lang='lat' dir='ltr'><strong>in</strong></span> <span class='ocrx_word' id='word_1_302' title='bbox 818 3646 982 3722; x_wconf 79' lang='lat' dir='ltr'><strong>fragmento</strong></span> <span class='ocrx_word' id='word_1_303' title='bbox 1003 3642 1069 3706; x_wconf 86' lang='lat'><strong>445</strong></span> <span class='ocrx_word' id='word_1_304' title='bbox 1094 3639 1156 3727; x_wconf 89' lang='lat' dir='ltr'><strong>(nel</strong></span> <span class='ocrx_word' id='word_1_305' title='bbox 1181 3647 1292 3708; x_wconf 88' lang='lat' dir='ltr'><strong>Cratini</strong></span> <span class='ocrx_word' id='word_1_306' title='bbox 1315 3649 1351 3708; x_wconf 88' lang='lat' dir='ltr'><strong>ir.</strong></span> <span class='ocrx_word' id='word_1_307' title='bbox 1378 3641 1467 3733; x_wconf 81' lang='lat'><strong>168),</strong></span> 
     </span>
     <span class='ocr_line' id='line_1_35' title="bbox 292 3732 1466 3829; baseline 0.005 -28"><span class='ocrx_word' id='word_1_308' title='bbox 292 3741 370 3821; x_wconf 94' lang='lat' dir='ltr'><strong>quod</strong></span> <span class='ocrx_word' id='word_1_309' title='bbox 386 3749 432 3801; x_wconf 90' lang='lat' dir='ltr'><strong>est</strong></span> <span class='ocrx_word' id='word_1_310' title='bbox 446 3732 648 3824; x_wconf 81' lang='grc' dir='ltr'><strong>ἀνοπηρίοιν,</strong></span> <span class='ocrx_word' id='word_1_311' title='bbox 668 3739 893 3820; x_wconf 90' lang='lat' dir='ltr'><strong>contemplando</strong></span> <span class='ocrx_word' id='word_1_312' title='bbox 909 3759 1007 3802; x_wconf 93' lang='lat' dir='ltr'><strong>nonne</strong></span> <span class='ocrx_word' id='word_1_313' title='bbox 1026 3743 1103 3804; x_wconf 91' lang='lat' dir='ltr'><strong>idem</strong></span> <span class='ocrx_word' id='word_1_314' title='bbox 1118 3746 1260 3806; x_wconf 87' lang='lat' dir='ltr'><strong>accidisse</strong></span> <span class='ocrx_word' id='word_1_315' title='bbox 1279 3740 1466 3829; x_wconf 82' lang='lat' dir='ltr'><strong>uidimus?¹)</strong></span> 
     </span>
    </p>

    <p class='ocr_par' dir='ltr' id='par_1_5' title="bbox 291 3834 1466 4215">
     <span class='ocr_line' id='line_1_36' title="bbox 380 3834 1466 3926; baseline 0.007 -28"><span class='ocrx_word' id='word_1_316' title='bbox 380 3837 410 3915; x_wconf 65' lang='grc' dir='ltr'><strong>ξ.</strong></span> <span class='ocrx_word' id='word_1_317' title='bbox 439 3834 489 3898; x_wconf 86' lang='grc'><strong>19.</strong></span> <span class='ocrx_word' id='word_1_318' title='bbox 531 3841 626 3918; x_wconf 74' lang='lat' dir='ltr'><strong>Atque</strong></span> <span class='ocrx_word' id='word_1_319' title='bbox 654 3842 680 3900; x_wconf 94' lang='lat' dir='ltr'><strong>si</strong></span> <span class='ocrx_word' id='word_1_320' title='bbox 708 3841 795 3900; x_wconf 91' lang='lat' dir='ltr'><strong>etiam</strong></span> <span class='ocrx_word' id='word_1_321' title='bbox 824 3857 903 3900; x_wconf 90' lang='lat' dir='ltr'><strong>nunc</strong></span> <span class='ocrx_word' id='word_1_322' title='bbox 931 3841 1073 3920; x_wconf 84' lang='lat' dir='ltr'><strong>refragari</strong></span> <span class='ocrx_word' id='word_1_323' title='bbox 1105 3860 1164 3902; x_wconf 93' lang='lat' dir='ltr'><strong>non</strong></span> <span class='ocrx_word' id='word_1_324' title='bbox 1187 3843 1320 3925; x_wconf 88' lang='lat' dir='ltr'><strong>desines,</strong></span> <span class='ocrx_word' id='word_1_325' title='bbox 1346 3857 1384 3905; x_wconf 89' lang='lat' dir='ltr'><strong>ne</strong></span> <span class='ocrx_word' id='word_1_326' title='bbox 1409 3865 1466 3926; x_wconf 85' lang='lat' dir='ltr'><strong>ego</strong></span> 
     </span>
     <span class='ocr_line' id='line_1_37' title="bbox 293 3935 1465 4022; baseline 0.005 -25"><span class='ocrx_word' id='word_1_327' title='bbox 293 3935 413 4016; x_wconf 91' lang='lat' dir='ltr'><strong>quidem</strong></span> <span class='ocrx_word' id='word_1_328' title='bbox 433 3935 555 4018; x_wconf 86' lang='lat' dir='ltr'><strong>diutius,</strong></span> <span class='ocrx_word' id='word_1_329' title='bbox 578 3946 612 3998; x_wconf 92' lang='lat' dir='ltr'><strong>ut</strong></span> <span class='ocrx_word' id='word_1_330' title='bbox 630 3937 684 3998; x_wconf 87' lang='lat' dir='ltr'><strong>tibi</strong></span> <span class='ocrx_word' id='word_1_331' title='bbox 703 3936 907 4018; x_wconf 89' lang='lat' dir='ltr'><strong>persuadeam,</strong></span> <span class='ocrx_word' id='word_1_332' title='bbox 926 3938 1061 4020; x_wconf 89' lang='lat' dir='ltr'><strong>studebo,</strong></span> <span class='ocrx_word' id='word_1_333' title='bbox 1084 3958 1151 4001; x_wconf 90' lang='lat' dir='ltr'><strong>cum</strong></span> <span class='ocrx_word' id='word_1_334' title='bbox 1170 3943 1355 4022; x_wconf 90' lang='lat' dir='ltr'><strong>praesertim,</strong></span> <span class='ocrx_word' id='word_1_335' title='bbox 1374 3945 1465 4003; x_wconf 91' lang='lat' dir='ltr'><strong>etiam</strong></span> 
     </span>
     <span class='ocr_line' id='line_1_38' title="bbox 291 4036 1463 4119; baseline 0.003 -23"><span class='ocrx_word' id='word_1_336' title='bbox 291 4039 317 4096; x_wconf 93' lang='lat' dir='ltr'><strong>si</strong></span> <span class='ocrx_word' id='word_1_337' title='bbox 340 4036 429 4096; x_wconf 83' lang='lat' dir='ltr'><strong>butus</strong></span> <span class='ocrx_word' id='word_1_338' title='bbox 448 4038 636 4096; x_wconf 88' lang='lat' dir='ltr'><strong>coniecturae</strong></span> <span class='ocrx_word' id='word_1_339' title='bbox 656 4036 928 4114; x_wconf 89' lang='lat' dir='ltr'><strong>comprobationem</strong></span> <span class='ocrx_word' id='word_1_340' title='bbox 947 4045 1125 4115; x_wconf 86' lang='lat' dir='ltr'><strong>extorquere</strong></span> <span class='ocrx_word' id='word_1_341' title='bbox 1149 4037 1202 4097; x_wconf 93' lang='lat' dir='ltr'><strong>tibi</strong></span> <span class='ocrx_word' id='word_1_342' title='bbox 1220 4056 1348 4119; x_wconf 87' lang='lat' dir='ltr'><strong>possem,</strong></span> <span class='ocrx_word' id='word_1_343' title='bbox 1367 4057 1463 4100; x_wconf 90' lang='lat' dir='ltr'><strong>unum</strong></span> 
     </span>
     <span class='ocr_line' id='line_1_39' title="bbox 291 4131 1463 4215; baseline 0 -21"><span class='ocrx_word' id='word_1_344' title='bbox 291 4133 387 4195; x_wconf 88' lang='lat' dir='ltr'><strong>adhuc</strong></span> <span class='ocrx_word' id='word_1_345' title='bbox 417 4135 614 4213; x_wconf 81' lang='lat' dir='ltr'><strong>fragmentum</strong></span> <span class='ocrx_word' id='word_1_346' title='bbox 636 4131 700 4195; x_wconf 78' lang='grc'><strong>447</strong></span> <span class='ocrx_word' id='word_1_347' title='bbox 730 4143 836 4213; x_wconf 89' lang='lat' dir='ltr'><strong>restet,</strong></span> <span class='ocrx_word' id='word_1_348' title='bbox 864 4135 913 4194; x_wconf 93' lang='lat' dir='ltr'><strong>cui</strong></span> <span class='ocrx_word' id='word_1_349' title='bbox 941 4133 1011 4214; x_wconf 91' lang='lat' dir='ltr'><strong>quid</strong></span> <span class='ocrx_word' id='word_1_350' title='bbox 1036 4135 1153 4215; x_wconf 86' lang='lat' dir='ltr'><strong>faciam,</strong></span> <span class='ocrx_word' id='word_1_351' title='bbox 1183 4137 1316 4197; x_wconf 88' lang='lat' dir='ltr'><strong>incertus</strong></span> <span class='ocrx_word' id='word_1_352' title='bbox 1343 4136 1463 4197; x_wconf 90' lang='lat' dir='ltr'><strong>haereo.</strong></span> 
     </span>
    </p>
   </div>
   <div class='ocr_carea' id='block_1_3' title="bbox 291 4356 1463 4510">
    <p class='ocr_par' dir='ltr' id='par_1_6' title="bbox 291 4356 1463 4510">
     <span class='ocr_line' id='line_1_40' title="bbox 363 4356 1463 4427; baseline 0.005 -15"><span class='ocrx_word' id='word_1_353' title='bbox 363 4359 390 4427; x_wconf 90' lang='lat'><strong>1)</strong></span> <span class='ocrx_word' id='word_1_354' title='bbox 419 4356 549 4414; x_wconf 83' lang='lat' dir='ltr'><strong>Oetemm</strong></span> <span class='ocrx_word' id='word_1_355' title='bbox 576 4357 760 4414; x_wconf 79' lang='lat' dir='ltr'><strong>scholiaslam</strong></span> <span class='ocrx_word' id='word_1_356' title='bbox 788 4375 830 4427; x_wconf 89' lang='lat' dir='ltr'><strong>eq.</strong></span> <span class='ocrx_word' id='word_1_357' title='bbox 859 4377 885 4414; x_wconf 88' lang='lat' dir='ltr'><strong>v.</strong></span> <span class='ocrx_word' id='word_1_358' title='bbox 911 4363 963 4413; x_wconf 78' lang='lat' dir='ltr'><strong>aot</strong></span> <span class='ocrx_word' id='word_1_359' title='bbox 991 4357 1020 4412; x_wconf 88' lang='lat' dir='ltr'><strong>in</strong></span> <span class='ocrx_word' id='word_1_360' title='bbox 1049 4358 1143 4415; x_wconf 85' lang='lat' dir='ltr'><strong>animo</strong></span> <span class='ocrx_word' id='word_1_361' title='bbox 1171 4359 1304 4415; x_wconf 84' lang='lat' dir='ltr'><strong>habuisse</strong></span> <span class='ocrx_word' id='word_1_362' title='bbox 1331 4359 1463 4417; x_wconf 70' lang='lat' dir='ltr'><strong>lubenter</strong></span> 
     </span>
     <span class='ocr_line' id='line_1_41' title="bbox 291 4437 1232 4510; baseline 0.001 -17"><span class='ocrx_word' id='word_1_363' title='bbox 291 4437 417 4495; x_wconf 80' lang='lat' dir='ltr'><strong>desinam</strong></span> <span class='ocrx_word' id='word_1_364' title='bbox 436 4437 614 4509; x_wconf 83' lang='lat' dir='ltr'><strong>contendere,</strong></span> <span class='ocrx_word' id='word_1_365' title='bbox 633 4439 682 4494; x_wconf 88' lang='lat' dir='ltr'><strong>ubi</strong></span> <span class='ocrx_word' id='word_1_366' title='bbox 700 4439 762 4510; x_wconf 84' lang='lat' dir='ltr'><strong>quis</strong></span> <span class='ocrx_word' id='word_1_367' title='bbox 781 4440 874 4494; x_wconf 89' lang='lat' dir='ltr'><strong>locum</strong></span> <span class='ocrx_word' id='word_1_368' title='bbox 892 4438 1030 4508; x_wconf 84' lang='lat' dir='ltr'><strong>aptiorem</strong></span> <span class='ocrx_word' id='word_1_369' title='bbox 1047 4437 1232 4508; x_wconf 77' lang='lat' dir='ltr'><strong>indegaueril.</strong></span> 
     </span>
    </p>
   </div>
   <div class='ocr_carea' id='block_1_4' title="bbox 0 0 1628 5250">
    <p class='ocr_par' dir='ltr' id='par_1_7' title="bbox 0 0 1628 5250">
     <span class='ocr_line' id='line_1_42' title="bbox 0 0 1628 5250; baseline 0 1"><span class='ocrx_word' id='word_1_370' title='bbox 0 0 1628 5250; x_wconf 95' lang='lat' dir='ltr'><strong> </strong></span> 
     </span>
    </p>
   </div>
  </div>
 </body>
</html>
