3246 5250
641 408 862 470 „91...

164 575 332 654 posteriore
363 566 483 653 ταύτης
515 564 716 647 ἀπαλλάξειν
748 583 784 631 σε
816 566 875 649 τῆς
905 560 1111 650 &phalecium
1144 569 1273 648 alioquin
1307 570 1337 629 in

165 671 305 732 omnihus
332 671 484 733 codicibus
512 690 571 733 non
600 671 649 732 hic
679 688 787 731 uersus
815 667 977 748 legeretur,
1008 668 1059 728 sed
1083 667 1156 728 alter
1179 665 1228 726 ille
1253 667 1336 726 scho-

165 763 293 830 liastae?
339 769 399 830 Sed
422 789 475 849 ego
499 788 559 830 non
583 771 745 849 perspicio,
769 768 841 847 quid
864 785 918 826 nos
941 766 995 827 hac
1019 768 1190 827 coniectura
1214 764 1337 844 probata

163 869 364 948 proficiamus.
410 868 481 930 Nam
513 872 538 928 si
566 866 763 929 Fritzschium
791 867 887 925 secuti
915 883 1055 924 numeros
1088 867 1167 925 inter
1198 882 1228 924 se
1258 881 1337 924 com·

163 975 323 1046 mutamus,
343 985 449 1041 nonne,
468 985 536 1027 cum
556 966 613 1026 lroc
628 967 793 1044 statuimus,
812 968 903 1023 totam
924 961 1099 1023 scholiastae
1118 963 1337 1023 adnotationem

161 1064 254 1125 uilem
284 1082 318 1123 ac
346 1083 384 1124 ne
412 1063 518 1124 tantilli
546 1064 665 1143 quidem
694 1064 782 1142 pretii
811 1079 876 1121 esse
910 1057 1108 1121 confitemur?
1157 1059 1195 1119 Et
1222 1061 1253 1119 in
1281 1059 1337 1119 hoc

160 1161 357 1222 fundamento
389 1161 462 1220 adeo
494 1161 609 1221 labante
644 1159 763 1220 audebit
795 1161 953 1237 quisquam
987 1159 1220 1237 fragmentorum
1254 1159 1338 1235 qnasi

160 1258 330 1320 aedilicium
355 1251 417 1338 (uel
440 1277 494 1337 per
517 1276 549 1317 se
573 1252 735 1337 incertum)
760 1253 938 1316 exstruere?

255 1355 314 1416 Sed
343 1358 428 1416 etiam
458 1358 482 1416 si
511 1355 583 1416 haec
612 1374 660 1415 res
689 1356 813 1414 minoris
841 1355 985 1414 momenti
1013 1373 1079 1415 esse
1108 1355 1207 1433 putari
1231 1363 1339 1433 posset,

163 1453 314 1515 undenam
333 1461 395 1513 tum
414 1452 601 1514 scholiastam
622 1455 820 1531 cognitionem
841 1453 950 1528 prioris
964 1451 1045 1512 Plnti
1063 1451 1178 1512 fabulae
1199 1450 1337 1530 adeptum

163 1569 231 1612 esse
260 1548 493 1612 arbitrabimur?
534 1549 649 1629 lpsisne
672 1549 764 1621 Pluti
779 1548 894 1609 duabus
922 1549 1147 1610 recensionihus
1175 1547 1339 1627 inspectis?

163 1649 201 1709 At
224 1647 374 1727 quomodo
397 1656 459 1708 tum
484 1648 604 1729 accidit,
632 1657 665 1708 ut
687 1649 818 1725 priorem
846 1646 973 1708 fabulam
1002 1648 1213 1726 posteriorem,
1240 1655 1338 1725 poste·

167 1751 278 1808 riorcm
303 1749 431 1826 priorem
456 1742 644 1807 nominaret?
690 1744 734 1804 dn
758 1763 794 1804 ex
818 1739 972 1824 ‘antiquo'
996 1741 1208 1823 grammatico?
1254 1744 1291 1806 dt
1314 1747 1340 1804 si

164 1847 363 1922 isutramque
378 1843 504 1905 fabulam
524 1846 587 1923 ipse
607 1844 744 1923 inspexit,
764 1861 817 1902 cur
837 1844 863 1902 is
883 1860 1024 1902 numeros
1046 1844 1124 1903 inter
1144 1859 1175 1900 se
1191 1839 1339 1902 mutauit?

165 1951 217 2004 aut
240 1945 264 2001 si
289 1960 348 2002 non
372 1930 513 2023 mutauit,
541 1959 596 2002 cur
622 1939 671 2000 hic
697 1940 853 2001 scholiasta
878 1937 1034 2002 confudit?
1080 1940 1132 2000 Sin
1156 1949 1255 2001 autem
1280 1960 1338 2000 non

164 2043 223 2122 ipsi
246 2039 321 2100 duas
344 2039 421 2101 Pluti
444 2039 591 2100 editiones
614 2038 756 2099 euoluere
780 2039 878 2120 licuit,
901 2039 980 2099 unde
1006 2049 1068 2099 tnm
1092 2041 1117 2098 is
1142 2056 1193 2097 sua
1218 2035 1339 2099 hausit?

256 2136 345 2197 Vides
368 2140 425 2198 iam
448 2140 538 2198 etiam
561 2139 587 2196 si
606 2135 760 2197 fritcschii
783 2140 985 2198 coniecturam
1009 2140 1106 2216 primo
1130 2136 1250 2214 quidem
1273 2154 1338 2214 spe·

164 2239 279 2297 ciosam
311 2237 485 2317 accipimus,
520 2251 709 2314 quocumque
746 2244 776 2295 te
814 2237 958 2310 necteris,
995 2235 1184 2296 difficultates
1221 2235 1339 2295 obstare

164 2335 317 2414 maximas,
336 2333 443 2412 quihus
462 2352 499 2394 ne
520 2332 693 2394 scholiastae
713 2335 920 2394 auctoritatem
934 2335 1015 2393 omni
1029 2333 1205 2394 dubitationi
1220 2352 1338 2412 exemp·

165 2441 227 2493 um
250 2430 450 2511 uindicemus,
478 2431 656 2510 impedimur
680 2438 710 2491 et
733 2432 821 2491 etiam
844 2430 981 2492 nolentes
1004 2451 1039 2491 eo
1067 2433 1215 2513 cogimur,
1244 2440 1277 2492 ut
1299 2431 1339 2510 id,

164 2527 246 2608 quod
274 2531 331 2588 iam
359 2528 475 2607 pridem
504 2527 762 2589 demonstraturus
791 2546 870 2609 sum,
898 2546 995 2606 neque
1025 2528 1212 2589 scholiastam
1240 2532 1338 2608 ipsum

167 2645 267 2706 neque
291 2628 356 2687 eius
379 2636 530 2687 auctorem
554 2627 627 2688 duas
650 2626 730 2687 Pluti
754 2627 898 2688 editiones
920 2625 1032 2686 uidisse
1056 2626 1129 2687 adeo
1155 2645 1214 2687 non
1243 2627 1339 2687 refelli

164 2723 260 2784 libere
284 2725 489 2804 profiteamur,
513 2731 673 2785 utcontra
696 2725 936 2786 manifestissime
960 2726 1161 2785 confirmetur.

257 2820 289 2882 V.
318 2821 357 2881 nt
379 2824 517 2900 quoniam
542 2841 622 2882 nunc
645 2821 726 2883 nullo
749 2823 837 2882 modo
862 2819 964 2904 (unam
988 2825 1067 2883 enim
1086 2821 1167 2882 illam
1184 2824 1338 2901 rationem,

168 2936 243 2996 quae
272 2926 391 2998 praeter
418 2919 471 2980 has
494 2921 656 2997 excogitari
679 2928 791 2999 potest,
819 2929 852 2982 ut
875 2921 959 2981 illum
982 2923 1092 3000 prioris
1115 2919 1193 2980 Pluti
1216 2938 1337 2981 uersum

168 3018 199 3076 in
222 3018 354 3094 margine
378 3018 489 3078 codicis
513 3021 586 3098 eins,
609 3036 669 3095 quo
692 3018 832 3081 utebatur
856 3019 1022 3099 scholiasta,
1045 3018 1227 3098 adscriptum
1247 3019 1339 3080 fnisse

168 3115 208 3174 ita
235 3122 388 3197 putemus,
416 3123 449 3176 ut
477 3118 555 3178 unde
584 3117 759 3196 desumptus
785 3129 836 3178 aut
858 3116 1050 3198 quamobrem
1075 3119 1227 3196 appositus
1251 3125 1340 3202 esset,

168 3213 360 3293 reticeretur,
391 3212 467 3273 hanc
498 3214 546 3274 uel
578 3232 639 3274 uno
671 3215 765 3275 uerbo
798 3218 957 3295 attingere,
990 3213 1099 3276 nedum
1128 3215 1258 3276 refutare
1291 3232 1338 3274 me

168 3301 290 3392 pudet):
318 3314 456 3388 quoniam
484 3315 575 3392 igitur
604 3311 685 3372 nullo
713 3313 799 3372 modo
828 3313 1002 3374 scholiastae
1026 3313 1246 3374 adnotationem
1271 3331 1339 3373 cum

168 3415 338 3468 ceterorum
362 3408 542 3473 scholiorum
566 3411 739 3472 condicione
763 3430 929 3490 congruere
953 3431 1050 3490 neque
1076 3411 1228 3472 conciliari
1250 3429 1338 3491 posse

166 3506 377 3587 cognocimus,
407 3525 486 3570 nunc
513 3512 617 3591 paucis
644 3509 851 3588 exponendum
880 3517 939 3591 est,
968 3508 1108 3589 quidnam
1131 3508 1201 3568 huic
1225 3508 1338 3568 scholio

167 3601 336 3663 faciendum
356 3606 403 3664 sit.
439 3605 534 3687 Atque
558 3608 616 3668 hoc
639 3624 673 3666 ex
698 3607 750 3684 eis,
774 3623 849 3684 quae
873 3608 1006 3688 exposui,
1029 3605 1153 3666 euidens
1177 3623 1242 3666 esse
1267 3605 1339 3666 mihi

166 3698 290 3761 uidetur
321 3719 418 3781 neque
450 3707 586 3784 quisquis
621 3720 777 3764 causarum
812 3703 1020 3784 rationumque
1059 3720 1148 3781 snpra
1185 3702 1339 3763 allatarum

164 3800 342 3877 grarrimem
371 3805 557 3879 reputauerit
584 3820 618 3862 ac
646 3803 833 3883 pernouerit,
866 3801 1002 3863 dubitare
1029 3803 1086 3862 iam
1115 3803 1238 3882 poterit,
1267 3802 1338 3878 quin

164 3894 344 3958 scholiastae
373 3916 480 3959 uersus
507 3918 543 3960 ex
571 3901 837 3977 interpretamento
865 3899 1015 3979 paullatim
1044 3901 1189 3978 originem
1212 3897 1340 3979 duxerit,

164 3996 269 4071 itaque
283 4012 337 4073 pro
352 3999 455 4074 spurio
470 3995 624 4056 habendus
638 4006 669 4057 et
686 4014 721 4056 ex
740 3999 850 4078 prioris
863 3997 942 4058 Pluti
962 3997 1194 4076 fragmentorum
1214 4013 1338 4056 numero

165 4089 361 4170 expellendus
380 4095 427 4154 sit.
465 4093 619 4165 Quomodo
639 4101 738 4156 autem
761 4093 928 4174 quibusque
952 4093 1166 4156 mutationibus
1189 4113 1226 4154 ex
1249 4095 1338 4154 inter-

165 4195 354 4270 pretamento
374 4193 474 4252 nescio
499 4210 557 4271 quo
581 4209 689 4254 uersus
712 4193 761 4254 ille
785 4192 958 4254 scholiastae
983 4193 1121 4271 euaserit,
1144 4191 1174 4252 id
1198 4199 1231 4253 ut
1254 4210 1338 4253 accu-

164 4288 263 4348 ratius
290 4305 434 4368 exponam
462 4291 619 4368 causisque
647 4291 833 4370 confirmcm,
861 4309 947 4350 nemo
971 4290 1077 4350 harum
1101 4307 1203 4352 rerum
1226 4292 1341 4369 peritus

165 4381 338 4466 postulabit
384 4383 458 4446 lllud
483 4394 596 4448 tantum
620 4397 781 4466 procerte
805 4386 908 4449 haberi
932 4390 1056 4470 poterit,
1080 4388 1266 4452 scholiastam
1291 4389 1340 4452 illo

165 4501 261 4546 uersu
289 4477 368 4564 (sine
396 4483 453 4544 iam
481 4493 545 4546 tum
571 4487 721 4566 perfectus
745 4502 853 4547 uersus
876 4497 940 4550 erat
963 4489 1028 4548 siue
1052 4488 1209 4570 explicatio
1234 4507 1340 4550 uersus
