3246 5250
769 371 988 468 ῥεο-

295 537 454 614 posuisset,
478 535 548 612 quid
573 535 664 595 luisse
689 533 796 613 credis,
820 531 897 610 quod
923 534 1016 592 ceteri
1039 551 1102 594 earn
1127 551 1162 592 eo
1188 532 1475 614 collocarentloco,

292 650 352 710 quo
370 650 430 691 non
450 629 573 692 debuit?

381 728 516 790 Perfecta
540 748 620 790 nunc
640 728 821 789 scholiorum
840 727 1097 807 contemplatione,
1121 747 1158 788 ex
1177 747 1234 807 qua
1253 730 1389 806 quamuis
1409 727 1475 788 alte

292 831 322 889 in
352 830 471 906 antiqua
501 837 633 907 tempora
661 827 917 908 descenderimus,
945 834 1042 886 tamen
1067 829 1247 905 quicumque
1275 825 1360 886 nobis
1384 826 1475 886 obuii

296 928 366 987 lacti
390 935 460 987 sunt
483 928 664 1003 interpretes
684 943 788 984 omnes
811 927 942 1003 priorem
961 923 1018 984 sibi
1036 924 1154 985 Plutum
1179 922 1277 1002 legere
1299 926 1380 983 uisos
1400 943 1474 984 esse

294 1025 527 1086 luculentissime
556 1024 706 1103 apparuit,
733 1021 763 1081 id
797 1022 875 1100 quod
906 1039 995 1099 supra
1025 1021 1109 1081 nobis
1137 1039 1402 1100 proposueramus,
1435 1027 1476 1080 ut

293 1123 594 1182 neminem'ueterum
614 1121 811 1198 interpretum
832 1118 1115 1197 scholiastarumque
1136 1118 1209 1179 duas
1227 1118 1305 1179 Pluti
1321 1118 1474 1178 editiones

296 1220 406 1280 uidisse
430 1218 712 1298 demonstraremus,
737 1217 765 1277 id
789 1219 847 1276 iam
871 1216 1009 1276 ellectum
1033 1224 1086 1276 est
1132 1215 1204 1276 Nam
1229 1215 1376 1294 quemad
1401 1233 1474 1275 sen-

294 1319 418 1377 tentiam
434 1315 514 1376 lalsis
529 1314 814 1375 scholiastarum
829 1312 1018 1392 opinionibus
1033 1316 1160 1392 repertis
1176 1314 1336 1392 confugere
1351 1312 1474 1392 licebat,

295 1421 449 1474 uteorum
474 1413 510 1473 de
534 1411 613 1472 Pluti
637 1412 767 1472 editione
791 1428 925 1472 errorem
949 1419 999 1470 ant
1023 1429 1128 1471 eorum
1151 1410 1352 1490 indiligentiae
1376 1413 1474 1470 notis·

296 1515 386 1572 simae
407 1519 457 1570 aut
475 1509 620 1569 librorum
636 1512 770 1571 inscitiae
792 1509 1000 1588 tribueremus,
1019 1509 1142 1569 eandem
1158 1509 1192 1568 ad
1207 1510 1473 1587 grammaticorum

295 1608 569 1685 Alexandrinorum,
596 1606 835 1666 doctissimorum
860 1608 951 1666 totius
975 1608 1159 1685 antiquitatis
1183 1609 1326 1686 uirorum,
1349 1623 1475 1666 errores

261 1763 265 1771 .
295 1705 492 1786 explicandos,
508 1722 635 1783 quonam
650 1705 738 1765 modo
753 1706 817 1765 lieri
831 1705 991 1785 potuerint,
1007 1722 1168 1783 propagare
1187 1721 1246 1763 non
1261 1705 1318 1763 iam
1334 1702 1412 1764 licet.
1439 1702 1475 1762 Si

295 1805 326 1864 hi
342 1805 400 1864 uiri
411 1802 597 1863 celeberrimi
611 1803 640 1862 in
656 1810 715 1862 tam
730 1821 904 1882 peruersam
914 1803 1084 1880 opinionem
1094 1801 1273 1882 inciderunt,
1288 1799 1474 1860 exhacdilli·

296 1901 406 1963 cullate
420 1909 450 1961 te
461 1899 601 1979 expedire
616 1918 675 1959 non
686 1903 808 1981 poteris,
823 1902 880 1960 nisi
894 1899 933 1980 id,
948 1900 1026 1976 quod
1037 1899 1222 1977 probandum
1233 1907 1304 1979 erat,
1319 1900 1476 1980 statueris,

297 1989 445 2058 neminem
460 2003 598 2056 ueterum
617 1997 816 2074 interpretum
835 2014 976 2075 umquam
995 1996 1068 2056 diras
1087 1996 1165 2057 Pluli
1185 1996 1329 2056 editiones
1348 1995 1474 2057 uidisse.

387 2094 417 2172 ἓ.
437 2093 465 2156 8.
495 2093 553 2152 Sed
573 2111 610 2153 ne
630 2095 697 2171 quis
711 2093 766 2154 hac
785 2093 1037 2154 demonstratione
1053 2096 1201 2154 neminem
1220 2093 1276 2154 sibi
1291 2090 1476 2172 persuadere

298 2197 364 2274 cogi
387 2194 475 2272 dieat,
502 2193 559 2250 iam
589 2192 802 2269 antiquissimis
830 2188 1015 2269 temporibus
1036 2189 1156 2251 Plutum
1179 2193 1310 2269 priorem
1333 2191 1474 2250 amissam

298 2292 398 2370 luisse,
421 2290 491 2350 huic
515 2289 764 2367 argumentationi
787 2288 841 2348 alia
866 2287 1041 2366 subiungam
1061 2290 1237 2351 testimonia.

388 2387 550 2447 Scholiasta
579 2387 614 2446 ad
644 2404 767 2446 uersum
797 2383 882 2447 1146
911 2387 961 2463 qui
985 2386 1058 2446 haec
1089 2385 1180 2446 uerba
1205 2388 1339 2465 scripsit:
1369 2381 1475 2446 τοῦτο

299 2471 362 2547 ούν
387 2479 495 2546 ἔοικέ
514 2503 573 2556 τις
600 2478 635 2544 ἐκ
662 2479 723 2544 τού
747 2478 906 2564 δευτέρου
929 2477 1088 2544 Πλούτου
1111 2475 1316 2563 μετενεγκὼν
1346 2476 1476 2544 ἐνθάδε

300 2575 504 2663 ὀλιγωρῆσαι
527 2578 586 2660 τῆς
605 2572 743 2660 ἀλογίας
765 2573 899 2660 ταύτης,
923 2582 948 2640 si
972 2579 1044 2641 duas
1063 2578 1165 2639 Plutos
1188 2579 1350 2662 habuisset,
1372 2599 1476 2641 nonne

300 2682 465 2741 certissime
499 2678 635 2738 dixisset:
666 2675 766 2738 τοῦτο
795 2672 830 2737 ἐκ
857 2673 919 2738 τοῦ
947 2669 982 2756 β’
1011 2669 1169 2738 Πλούτου
1196 2670 1477 2758 μετενήνεκται

301 2777 349 2838 uel
378 2779 477 2856 potius
505 2774 578 2835 nihil
608 2772 753 2842 dixisset?
793 2774 867 2836 Item
896 2774 1054 2835 scholiasta
1076 2794 1104 2835 u.
1130 2772 1202 2854 173,
1231 2777 1292 2857 qui,
1314 2783 1477 2854 postquam

302 2875 527 2953 explicationem
547 2872 675 2952 sibiipsi
694 2892 753 2934 non
773 2874 954 2934 arridentem
973 2875 1160 2954 excogitauit,
1180 2876 1223 2933 sic
1242 2874 1342 2934 dicere
1361 2877 1477 2953 pergit:

300 2970 331 3032 el
358 2963 417 3052 μὴ,
450 2961 545 3052 ὅπερ
578 2963 697 3050 εἰκὸς,
729 2966 764 3031 ἐκ
791 2969 853 3033 τοῦ
881 2964 1039 3050 δευτέρου
1067 2963 1226 3032 Πλούτου
1256 2969 1356 3032 τοῦτο
1384 2991 1477 3051 μετε-

302 3061 468 3148 νήνεκται,
491 3087 591 3128 nonne
615 3068 664 3128 hic
688 3086 816 3148 quoque,
840 3071 864 3127 si
888 3067 962 3128 duas
980 3065 1083 3128 Plutos
1105 3067 1266 3149 habuisset,
1289 3069 1383 3130 multo
1403 3088 1477 3131 con-

302 3166 442 3226 fidentius
461 3164 578 3225 locutus
598 3172 677 3224 esset
695 3164 743 3224 uel
762 3167 862 3244 polius
882 3161 1045 3226 tacuisset?
1067 3165 1140 3226 Nam
1160 3167 1184 3226 si
1204 3170 1334 3246 priorem
1353 3167 1478 3229 Plutum

302 3265 451 3342 inspicere
480 3264 508 3321 ei
535 3261 682 3342 licuisset,
710 3280 809 3322 nonne
832 3261 1029 3322 intellexisset
1059 3265 1089 3322 in
1113 3281 1147 3323 ea
1170 3263 1227 3324 tale
1252 3266 1322 3343 quid
1346 3283 1405 3326 non
1430 3269 1478 3328 in·

303 3380 369 3422 esse
389 3360 426 3420 ob
446 3377 570 3439 eamque
586 3378 704 3421 causam
723 3360 808 3420 aliter
827 3357 1056 3438 explicauisset?
1079 3359 1172 3421 Porro
1187 3363 1336 3442 interpres
1355 3360 1479 3446 u.179‚

303 3462 328 3520 si
351 3460 482 3538 priorem
505 3457 623 3519 Plutum
652 3458 781 3538 adiisset,
810 3475 825 3516 a
849 3475 906 3536 qua
929 3457 977 3517 hic
1002 3476 1108 3520 uersus
1132 3457 1245 3540 aberat,
1277 3478 1376 3521 nonne
1401 3461 1479 3523 nihil

304 3577 369 3618 esse
399 3556 455 3618 sibi
478 3557 689 3636 persuasisset,
717 3573 771 3615 cur
795 3556 831 3616 de
854 3553 952 3616 Laidis
976 3564 1070 3618 aetate
1094 3555 1190 3636 deque
1213 3556 1366 3619 Philonide
1391 3559 1480 3622 dubi·

303 3656 425 3717 tandum
450 3651 550 3718 esset?
581 3652 682 3732 lpsum
701 3653 888 3714 scholiastam
911 3674 1019 3716 uersus
1038 3653 1104 3718 385
1127 3658 1263 3717 uisurum
1286 3657 1378 3717 luisse
1399 3658 1480 3743 dico,

303 3751 498 3832 Pamphilum,
523 3771 590 3812 cum
614 3754 644 3812 in
668 3750 759 3813 altera
783 3751 869 3812 Pluto
892 3753 1078 3833 irrideretur,
1102 3771 1171 3814 sane
1196 3772 1230 3814 ea
1254 3761 1349 3814 aetate
1373 3755 1481 3839 luisse,

304 3859 338 3911 ut
357 3849 393 3910 ab
412 3848 608 3927 Aristophane
627 3851 854 3910 commemorari
873 3858 974 3928 posset
992 3868 1089 3929 neque
1109 3870 1176 3913 eum
1199 3851 1272 3912 haec
1291 3854 1479 3932 scripturum

306 3949 397 4009 luisse
422 3946 583 4008 contendo:
611 3941 647 4007 ἐν
670 3941 785 4026 μέντοι
806 3954 879 4020 ταῖς
902 3945 1144 4022 Διδασκαλίυις
1165 3941 1230 4030 πρὸ
1253 3943 1384 4011 τούτων
1406 3947 1479 4013 τῶν

305 4037 438 4128 χρόνον
471 4036 652 4125 Πάμφιλος
688 4034 799 4117 οὐδεὶς
830 4040 966 4126 φέρεται
997 4040 1151 4129 τραγικός
1183 4048 1232 4108 uel
1265 4048 1352 4110 haee:
1388 4039 1402 4110 l
1439 4044 1479 4112 dl

306 4135 496 4224 Πάμφιλος,
521 4133 566 4217 ὡς
589 4141 683 4223 ἔοικε,
705 4135 761 4202 καὶ
784 4135 944 4223 νεώτερος
965 4129 1009 4225 ἦν
1030 4137 1300 4227 Ἀριστοφάνους.

395 4239 476 4310 Quae
504 4258 572 4301 cum
595 4242 635 4300 ita
659 4242 728 4321 sint,
756 4258 831 4319 quae
858 4244 917 4302 iam
940 4242 1008 4315 dixi,
1035 4250 1171 4322 repetere
1195 4261 1255 4304 non
1279 4261 1399 4304 uereor:
1423 4261 1477 4304 ne-

307 4341 415 4400 minem
436 4347 573 4399 ueterum
593 4340 790 4417 interpretum
810 4357 950 4418 umquam
970 4342 1042 4402 duas
1061 4340 1139 4401 Pluli
1159 4341 1313 4421 editiones,
1336 4341 1388 4401 sed
1410 4359 1478 4402 eam

306 4443 420 4497 tanturn
444 4423 569 4519 uidisse,
593 4455 668 4518 quae
693 4436 728 4497 ad
752 4446 883 4498 nostram
907 4441 1078 4500 memoriam
1101 4439 1216 4499 mansit.
